%YAML 1.1
%TAG !u! tag:unity3d.com,2011:
--- !u!1 &324797887937443702
GameObject:
  m_ObjectHideFlags: 0
  m_CorrespondingSourceObject: {fileID: 0}
  m_PrefabInstance: {fileID: 0}
  m_PrefabAsset: {fileID: 0}
  serializedVersion: 6
  m_Component:
  - component: {fileID: 6083124605161773396}
  - component: {fileID: 3809641777092240809}
  - component: {fileID: 413718479549217433}
  - component: {fileID: 2458254299189096389}
  m_Layer: 13
  m_Name: KillFloor
  m_TagString: Untagged
  m_Icon: {fileID: 0}
  m_NavMeshLayer: 0
  m_StaticEditorFlags: 0
  m_IsActive: 1
--- !u!4 &6083124605161773396
Transform:
  m_ObjectHideFlags: 0
  m_CorrespondingSourceObject: {fileID: 0}
  m_PrefabInstance: {fileID: 0}
  m_PrefabAsset: {fileID: 0}
  m_GameObject: {fileID: 324797887937443702}
  m_LocalRotation: {x: -0, y: -0, z: -0, w: 1}
  m_LocalPosition: {x: 0, y: -3.75, z: 0}
  m_LocalScale: {x: 14, y: 0.5, z: 14}
  m_Children: []
  m_Father: {fileID: 8810311684087642324}
  m_RootOrder: 1
  m_LocalEulerAnglesHint: {x: 0, y: 0, z: 0}
--- !u!33 &3809641777092240809
MeshFilter:
  m_ObjectHideFlags: 0
  m_CorrespondingSourceObject: {fileID: 0}
  m_PrefabInstance: {fileID: 0}
  m_PrefabAsset: {fileID: 0}
  m_GameObject: {fileID: 324797887937443702}
  m_Mesh: {fileID: 10202, guid: 0000000000000000e000000000000000, type: 0}
--- !u!23 &413718479549217433
MeshRenderer:
  m_ObjectHideFlags: 0
  m_CorrespondingSourceObject: {fileID: 0}
  m_PrefabInstance: {fileID: 0}
  m_PrefabAsset: {fileID: 0}
  m_GameObject: {fileID: 324797887937443702}
  m_Enabled: 1
  m_CastShadows: 1
  m_ReceiveShadows: 1
  m_DynamicOccludee: 1
  m_MotionVectors: 1
  m_LightProbeUsage: 1
  m_ReflectionProbeUsage: 1
  m_RenderingLayerMask: 1
  m_RendererPriority: 0
  m_Materials:
  - {fileID: 2100000, guid: f48e53f8b439f8943abc9938640c2e7b, type: 2}
  m_StaticBatchInfo:
    firstSubMesh: 0
    subMeshCount: 0
  m_StaticBatchRoot: {fileID: 0}
  m_ProbeAnchor: {fileID: 0}
  m_LightProbeVolumeOverride: {fileID: 0}
  m_ScaleInLightmap: 1
  m_PreserveUVs: 0
  m_IgnoreNormalsForChartDetection: 0
  m_ImportantGI: 0
  m_StitchLightmapSeams: 0
  m_SelectedEditorRenderState: 3
  m_MinimumChartSize: 4
  m_AutoUVMaxDistance: 0.5
  m_AutoUVMaxAngle: 89
  m_LightmapParameters: {fileID: 0}
  m_SortingLayerID: 0
  m_SortingLayer: 0
  m_SortingOrder: 0
--- !u!65 &2458254299189096389
BoxCollider:
  m_ObjectHideFlags: 0
  m_CorrespondingSourceObject: {fileID: 0}
  m_PrefabInstance: {fileID: 0}
  m_PrefabAsset: {fileID: 0}
  m_GameObject: {fileID: 324797887937443702}
  m_Material: {fileID: 0}
  m_IsTrigger: 1
  m_Enabled: 1
  serializedVersion: 2
  m_Size: {x: 1, y: 1, z: 1}
  m_Center: {x: 0, y: 0, z: 0}
--- !u!1 &1516115645162969992
GameObject:
  m_ObjectHideFlags: 0
  m_CorrespondingSourceObject: {fileID: 0}
  m_PrefabInstance: {fileID: 0}
  m_PrefabAsset: {fileID: 0}
  serializedVersion: 6
  m_Component:
  - component: {fileID: 9186402602333837777}
  m_Layer: 0
  m_Name: PitCore
  m_TagString: Untagged
  m_Icon: {fileID: 7174288486110832750, guid: 0000000000000000d000000000000000, type: 0}
  m_NavMeshLayer: 0
  m_StaticEditorFlags: 0
  m_IsActive: 1
--- !u!4 &9186402602333837777
Transform:
  m_ObjectHideFlags: 0
  m_CorrespondingSourceObject: {fileID: 0}
  m_PrefabInstance: {fileID: 0}
  m_PrefabAsset: {fileID: 0}
  m_GameObject: {fileID: 1516115645162969992}
  m_LocalRotation: {x: 0, y: 0, z: 0, w: 1}
  m_LocalPosition: {x: 0, y: 0, z: 0}
  m_LocalScale: {x: 1, y: 1, z: 1}
  m_Children: []
  m_Father: {fileID: 8810311684087642324}
  m_RootOrder: 0
  m_LocalEulerAnglesHint: {x: 0, y: 0, z: 0}
--- !u!1 &6160600054213049951
GameObject:
  m_ObjectHideFlags: 0
  m_CorrespondingSourceObject: {fileID: 0}
  m_PrefabInstance: {fileID: 0}
  m_PrefabAsset: {fileID: 0}
  serializedVersion: 6
  m_Component:
  - component: {fileID: 2558147012244512405}
  m_Layer: 0
  m_Name: PillarCore
  m_TagString: Untagged
  m_Icon: {fileID: 0}
  m_NavMeshLayer: 0
  m_StaticEditorFlags: 0
  m_IsActive: 1
--- !u!4 &2558147012244512405
Transform:
  m_ObjectHideFlags: 0
  m_CorrespondingSourceObject: {fileID: 0}
  m_PrefabInstance: {fileID: 0}
  m_PrefabAsset: {fileID: 0}
  m_GameObject: {fileID: 6160600054213049951}
  m_LocalRotation: {x: -0, y: -0, z: -0, w: 1}
  m_LocalPosition: {x: 0, y: -6.7, z: 0}
  m_LocalScale: {x: 1, y: 1, z: 1}
  m_Children:
  - {fileID: 1719401694492730358}
  - {fileID: 6823978184127465862}
  - {fileID: 615833210856719937}
  m_Father: {fileID: 8810311684087642324}
  m_RootOrder: 2
  m_LocalEulerAnglesHint: {x: 0, y: 0, z: 0}
--- !u!1 &8917799473063360003
GameObject:
  m_ObjectHideFlags: 0
  m_CorrespondingSourceObject: {fileID: 0}
  m_PrefabInstance: {fileID: 0}
  m_PrefabAsset: {fileID: 0}
  serializedVersion: 6
  m_Component:
  - component: {fileID: 8810311684087642324}
  - component: {fileID: 6535916305576289147}
  m_Layer: 0
  m_Name: PitV3
  m_TagString: Untagged
  m_Icon: {fileID: 0}
  m_NavMeshLayer: 0
  m_StaticEditorFlags: 0
  m_IsActive: 1
--- !u!4 &8810311684087642324
Transform:
  m_ObjectHideFlags: 0
  m_CorrespondingSourceObject: {fileID: 0}
  m_PrefabInstance: {fileID: 0}
  m_PrefabAsset: {fileID: 0}
  m_GameObject: {fileID: 8917799473063360003}
  m_LocalRotation: {x: 0, y: 0, z: 0, w: 1}
  m_LocalPosition: {x: -292.15308, y: -19.6, z: 30.890118}
  m_LocalScale: {x: 1, y: 1, z: 1}
  m_Children:
  - {fileID: 9186402602333837777}
  - {fileID: 6083124605161773396}
  - {fileID: 2558147012244512405}
  m_Father: {fileID: 0}
  m_RootOrder: 0
  m_LocalEulerAnglesHint: {x: 0, y: 0, z: 0}
--- !u!64 &6535916305576289147
MeshCollider:
  m_ObjectHideFlags: 0
  m_CorrespondingSourceObject: {fileID: 0}
  m_PrefabInstance: {fileID: 0}
  m_PrefabAsset: {fileID: 0}
  m_GameObject: {fileID: 8917799473063360003}
  m_Material: {fileID: 0}
  m_IsTrigger: 0
  m_Enabled: 1
  serializedVersion: 3
  m_Convex: 1
  m_CookingOptions: -1
  m_Mesh: {fileID: 0}
--- !u!1001 &2811251332255336673
PrefabInstance:
  m_ObjectHideFlags: 0
  serializedVersion: 2
  m_Modification:
    m_TransformParent: {fileID: 2558147012244512405}
    m_Modifications:
    - target: {fileID: 8691065300521165283, guid: 7439732d01a37e74c99c5ce875b4e507,
        type: 3}
      propertyPath: m_Name
      value: PillarCore
      objectReference: {fileID: 0}
    - target: {fileID: 3521560414932298519, guid: 7439732d01a37e74c99c5ce875b4e507,
        type: 3}
      propertyPath: m_LocalPosition.x
      value: 2.99
      objectReference: {fileID: 0}
    - target: {fileID: 3521560414932298519, guid: 7439732d01a37e74c99c5ce875b4e507,
        type: 3}
      propertyPath: m_LocalPosition.y
      value: 0
      objectReference: {fileID: 0}
    - target: {fileID: 3521560414932298519, guid: 7439732d01a37e74c99c5ce875b4e507,
        type: 3}
      propertyPath: m_LocalPosition.z
      value: 0
      objectReference: {fileID: 0}
    - target: {fileID: 3521560414932298519, guid: 7439732d01a37e74c99c5ce875b4e507,
        type: 3}
      propertyPath: m_LocalRotation.x
      value: 3.5063874e-14
      objectReference: {fileID: 0}
    - target: {fileID: 3521560414932298519, guid: 7439732d01a37e74c99c5ce875b4e507,
        type: 3}
      propertyPath: m_LocalRotation.y
      value: -0.0000001872535
      objectReference: {fileID: 0}
    - target: {fileID: 3521560414932298519, guid: 7439732d01a37e74c99c5ce875b4e507,
        type: 3}
      propertyPath: m_LocalRotation.z
      value: -0.0000001872535
      objectReference: {fileID: 0}
    - target: {fileID: 3521560414932298519, guid: 7439732d01a37e74c99c5ce875b4e507,
        type: 3}
      propertyPath: m_LocalRotation.w
      value: 1
      objectReference: {fileID: 0}
    - target: {fileID: 3521560414932298519, guid: 7439732d01a37e74c99c5ce875b4e507,
        type: 3}
      propertyPath: m_RootOrder
      value: 0
      objectReference: {fileID: 0}
    - target: {fileID: 3521560414932298519, guid: 7439732d01a37e74c99c5ce875b4e507,
        type: 3}
      propertyPath: m_LocalEulerAnglesHint.x
      value: 0
      objectReference: {fileID: 0}
    - target: {fileID: 3521560414932298519, guid: 7439732d01a37e74c99c5ce875b4e507,
        type: 3}
      propertyPath: m_LocalEulerAnglesHint.y
      value: -0.000015258789
      objectReference: {fileID: 0}
    - target: {fileID: 3521560414932298519, guid: 7439732d01a37e74c99c5ce875b4e507,
        type: 3}
      propertyPath: m_LocalEulerAnglesHint.z
      value: -0.000015258789
      objectReference: {fileID: 0}
    m_RemovedComponents: []
  m_SourcePrefab: {fileID: 100100000, guid: 7439732d01a37e74c99c5ce875b4e507, type: 3}
--- !u!4 &1719401694492730358 stripped
Transform:
  m_CorrespondingSourceObject: {fileID: 3521560414932298519, guid: 7439732d01a37e74c99c5ce875b4e507,
    type: 3}
  m_PrefabInstance: {fileID: 2811251332255336673}
  m_PrefabAsset: {fileID: 0}
--- !u!1001 &4059143495760031062
PrefabInstance:
  m_ObjectHideFlags: 0
  serializedVersion: 2
  m_Modification:
    m_TransformParent: {fileID: 2558147012244512405}
    m_Modifications:
    - target: {fileID: 8691065300521165283, guid: 7439732d01a37e74c99c5ce875b4e507,
        type: 3}
      propertyPath: m_Name
      value: PillarCore (1)
      objectReference: {fileID: 0}
    - target: {fileID: 3521560414932298519, guid: 7439732d01a37e74c99c5ce875b4e507,
        type: 3}
      propertyPath: m_LocalPosition.x
      value: -3
      objectReference: {fileID: 0}
    - target: {fileID: 3521560414932298519, guid: 7439732d01a37e74c99c5ce875b4e507,
        type: 3}
      propertyPath: m_LocalPosition.y
      value: 0.0000009536743
      objectReference: {fileID: 0}
    - target: {fileID: 3521560414932298519, guid: 7439732d01a37e74c99c5ce875b4e507,
        type: 3}
      propertyPath: m_LocalPosition.z
      value: -3.03
      objectReference: {fileID: 0}
    - target: {fileID: 3521560414932298519, guid: 7439732d01a37e74c99c5ce875b4e507,
        type: 3}
      propertyPath: m_LocalRotation.x
      value: 3.5063874e-14
      objectReference: {fileID: 0}
    - target: {fileID: 3521560414932298519, guid: 7439732d01a37e74c99c5ce875b4e507,
        type: 3}
      propertyPath: m_LocalRotation.y
      value: -0.0000001872535
      objectReference: {fileID: 0}
    - target: {fileID: 3521560414932298519, guid: 7439732d01a37e74c99c5ce875b4e507,
        type: 3}
      propertyPath: m_LocalRotation.z
      value: -0.0000001872535
      objectReference: {fileID: 0}
    - target: {fileID: 3521560414932298519, guid: 7439732d01a37e74c99c5ce875b4e507,
        type: 3}
      propertyPath: m_LocalRotation.w
      value: 1
      objectReference: {fileID: 0}
    - target: {fileID: 3521560414932298519, guid: 7439732d01a37e74c99c5ce875b4e507,
        type: 3}
      propertyPath: m_RootOrder
      value: 2
      objectReference: {fileID: 0}
    - target: {fileID: 3521560414932298519, guid: 7439732d01a37e74c99c5ce875b4e507,
        type: 3}
      propertyPath: m_LocalEulerAnglesHint.x
      value: 0
      objectReference: {fileID: 0}
    - target: {fileID: 3521560414932298519, guid: 7439732d01a37e74c99c5ce875b4e507,
        type: 3}
      propertyPath: m_LocalEulerAnglesHint.y
      value: -0.000015258789
      objectReference: {fileID: 0}
    - target: {fileID: 3521560414932298519, guid: 7439732d01a37e74c99c5ce875b4e507,
        type: 3}
      propertyPath: m_LocalEulerAnglesHint.z
      value: -0.000015258789
      objectReference: {fileID: 0}
    m_RemovedComponents: []
  m_SourcePrefab: {fileID: 100100000, guid: 7439732d01a37e74c99c5ce875b4e507, type: 3}
--- !u!4 &615833210856719937 stripped
Transform:
  m_CorrespondingSourceObject: {fileID: 3521560414932298519, guid: 7439732d01a37e74c99c5ce875b4e507,
    type: 3}
  m_PrefabInstance: {fileID: 4059143495760031062}
  m_PrefabAsset: {fileID: 0}
--- !u!1001 &7956941946590798481
PrefabInstance:
  m_ObjectHideFlags: 0
  serializedVersion: 2
  m_Modification:
    m_TransformParent: {fileID: 2558147012244512405}
    m_Modifications:
    - target: {fileID: 8691065300521165283, guid: 7439732d01a37e74c99c5ce875b4e507,
        type: 3}
      propertyPath: m_Name
      value: PillarCore (3)
      objectReference: {fileID: 0}
    - target: {fileID: 3521560414932298519, guid: 7439732d01a37e74c99c5ce875b4e507,
        type: 3}
      propertyPath: m_LocalPosition.x
      value: -3
      objectReference: {fileID: 0}
    - target: {fileID: 3521560414932298519, guid: 7439732d01a37e74c99c5ce875b4e507,
        type: 3}
      propertyPath: m_LocalPosition.y
      value: 0.0000009536743
      objectReference: {fileID: 0}
    - target: {fileID: 3521560414932298519, guid: 7439732d01a37e74c99c5ce875b4e507,
        type: 3}
      propertyPath: m_LocalPosition.z
      value: -3
      objectReference: {fileID: 0}
    - target: {fileID: 3521560414932298519, guid: 7439732d01a37e74c99c5ce875b4e507,
        type: 3}
      propertyPath: m_LocalRotation.x
      value: -0
      objectReference: {fileID: 0}
    - target: {fileID: 3521560414932298519, guid: 7439732d01a37e74c99c5ce875b4e507,
        type: 3}
      propertyPath: m_LocalRotation.y
      value: -0
      objectReference: {fileID: 0}
    - target: {fileID: 3521560414932298519, guid: 7439732d01a37e74c99c5ce875b4e507,
        type: 3}
      propertyPath: m_LocalRotation.z
      value: -0
      objectReference: {fileID: 0}
    - target: {fileID: 3521560414932298519, guid: 7439732d01a37e74c99c5ce875b4e507,
        type: 3}
      propertyPath: m_LocalRotation.w
      value: 1
      objectReference: {fileID: 0}
    - target: {fileID: 3521560414932298519, guid: 7439732d01a37e74c99c5ce875b4e507,
        type: 3}
      propertyPath: m_RootOrder
      value: 1
      objectReference: {fileID: 0}
    - target: {fileID: 3521560414932298519, guid: 7439732d01a37e74c99c5ce875b4e507,
        type: 3}
      propertyPath: m_LocalEulerAnglesHint.x
      value: 0
      objectReference: {fileID: 0}
    - target: {fileID: 3521560414932298519, guid: 7439732d01a37e74c99c5ce875b4e507,
        type: 3}
      propertyPath: m_LocalEulerAnglesHint.y
      value: 0
      objectReference: {fileID: 0}
    - target: {fileID: 3521560414932298519, guid: 7439732d01a37e74c99c5ce875b4e507,
        type: 3}
      propertyPath: m_LocalEulerAnglesHint.z
      value: 0
      objectReference: {fileID: 0}
    - target: {fileID: 7864643186416011768, guid: 7439732d01a37e74c99c5ce875b4e507,
        type: 3}
      propertyPath: m_RootOrder
      value: 1
      objectReference: {fileID: 0}
    m_RemovedComponents: []
  m_SourcePrefab: {fileID: 100100000, guid: 7439732d01a37e74c99c5ce875b4e507, type: 3}
--- !u!4 &6823978184127465862 stripped
Transform:
  m_CorrespondingSourceObject: {fileID: 3521560414932298519, guid: 7439732d01a37e74c99c5ce875b4e507,
    type: 3}
  m_PrefabInstance: {fileID: 7956941946590798481}
  m_PrefabAsset: {fileID: 0}
