%YAML 1.1
%TAG !u! tag:unity3d.com,2011:
--- !u!1 &6679557467891854016
GameObject:
  m_ObjectHideFlags: 0
  m_CorrespondingSourceObject: {fileID: 0}
  m_PrefabInstance: {fileID: 0}
  m_PrefabAsset: {fileID: 0}
  serializedVersion: 6
  m_Component:
  - component: {fileID: 6679557467891854045}
  - component: {fileID: 6679557467891854044}
  - component: {fileID: 6679557467891854019}
  - component: {fileID: 6679557467891854018}
  - component: {fileID: 6679557467891854017}
  m_Layer: 0
  m_Name: Small HealthPack
  m_TagString: Untagged
  m_Icon: {fileID: 0}
  m_NavMeshLayer: 0
  m_StaticEditorFlags: 0
  m_IsActive: 1
--- !u!4 &6679557467891854045
Transform:
  m_ObjectHideFlags: 0
  m_CorrespondingSourceObject: {fileID: 0}
  m_PrefabInstance: {fileID: 0}
  m_PrefabAsset: {fileID: 0}
  m_GameObject: {fileID: 6679557467891854016}
  m_LocalRotation: {x: 0, y: 0, z: 0, w: 1}
  m_LocalPosition: {x: 5.46, y: 0.856, z: -9.01}
  m_LocalScale: {x: 0.27829117, y: 0.27829117, z: 0.27829117}
  m_Children:
  - {fileID: 5227370413996945982}
  m_Father: {fileID: 0}
  m_RootOrder: 0
  m_LocalEulerAnglesHint: {x: 0, y: 0, z: 0}
--- !u!33 &6679557467891854044
MeshFilter:
  m_ObjectHideFlags: 0
  m_CorrespondingSourceObject: {fileID: 0}
  m_PrefabInstance: {fileID: 0}
  m_PrefabAsset: {fileID: 0}
  m_GameObject: {fileID: 6679557467891854016}
  m_Mesh: {fileID: 10202, guid: 0000000000000000e000000000000000, type: 0}
--- !u!23 &6679557467891854019
MeshRenderer:
  m_ObjectHideFlags: 0
  m_CorrespondingSourceObject: {fileID: 0}
  m_PrefabInstance: {fileID: 0}
  m_PrefabAsset: {fileID: 0}
  m_GameObject: {fileID: 6679557467891854016}
  m_Enabled: 0
  m_CastShadows: 1
  m_ReceiveShadows: 1
  m_DynamicOccludee: 1
  m_MotionVectors: 1
  m_LightProbeUsage: 1
  m_ReflectionProbeUsage: 1
  m_RenderingLayerMask: 1
  m_RendererPriority: 0
  m_Materials:
  - {fileID: 10303, guid: 0000000000000000f000000000000000, type: 0}
  m_StaticBatchInfo:
    firstSubMesh: 0
    subMeshCount: 0
  m_StaticBatchRoot: {fileID: 0}
  m_ProbeAnchor: {fileID: 0}
  m_LightProbeVolumeOverride: {fileID: 0}
  m_ScaleInLightmap: 1
  m_PreserveUVs: 0
  m_IgnoreNormalsForChartDetection: 0
  m_ImportantGI: 0
  m_StitchLightmapSeams: 0
  m_SelectedEditorRenderState: 3
  m_MinimumChartSize: 4
  m_AutoUVMaxDistance: 0.5
  m_AutoUVMaxAngle: 89
  m_LightmapParameters: {fileID: 0}
  m_SortingLayerID: 0
  m_SortingLayer: 0
  m_SortingOrder: 0
--- !u!65 &6679557467891854018
BoxCollider:
  m_ObjectHideFlags: 0
  m_CorrespondingSourceObject: {fileID: 0}
  m_PrefabInstance: {fileID: 0}
  m_PrefabAsset: {fileID: 0}
  m_GameObject: {fileID: 6679557467891854016}
  m_Material: {fileID: 0}
  m_IsTrigger: 1
  m_Enabled: 1
  serializedVersion: 2
  m_Size: {x: 1, y: 1, z: 1}
  m_Center: {x: 0, y: 0, z: 0}
--- !u!114 &6679557467891854017
MonoBehaviour:
  m_ObjectHideFlags: 0
  m_CorrespondingSourceObject: {fileID: 0}
  m_PrefabInstance: {fileID: 0}
  m_PrefabAsset: {fileID: 0}
  m_GameObject: {fileID: 6679557467891854016}
  m_Enabled: 1
  m_EditorHideFlags: 0
  m_Script: {fileID: 11500000, guid: 1196e831ebcab194c8e4674e815fa4d1, type: 3}
  m_Name: 
  m_EditorClassIdentifier: 
  speed: 10
  heal: 25
--- !u!1001 &5227370413996812478
PrefabInstance:
  m_ObjectHideFlags: 0
  serializedVersion: 2
  m_Modification:
    m_TransformParent: {fileID: 6679557467891854045}
    m_Modifications:
    - target: {fileID: 100000, guid: c8d611f57e64f9a46854f3ed18d38c2b, type: 3}
      propertyPath: m_Name
      value: prop_healthPack_00
      objectReference: {fileID: 0}
    - target: {fileID: 400000, guid: c8d611f57e64f9a46854f3ed18d38c2b, type: 3}
      propertyPath: m_LocalPosition.x
      value: 0
      objectReference: {fileID: 0}
    - target: {fileID: 400000, guid: c8d611f57e64f9a46854f3ed18d38c2b, type: 3}
      propertyPath: m_LocalPosition.y
      value: 0.197
      objectReference: {fileID: 0}
    - target: {fileID: 400000, guid: c8d611f57e64f9a46854f3ed18d38c2b, type: 3}
      propertyPath: m_LocalPosition.z
      value: 0
      objectReference: {fileID: 0}
    - target: {fileID: 400000, guid: c8d611f57e64f9a46854f3ed18d38c2b, type: 3}
      propertyPath: m_LocalRotation.x
      value: 0.0680812
      objectReference: {fileID: 0}
    - target: {fileID: 400000, guid: c8d611f57e64f9a46854f3ed18d38c2b, type: 3}
      propertyPath: m_LocalRotation.y
      value: -0
      objectReference: {fileID: 0}
    - target: {fileID: 400000, guid: c8d611f57e64f9a46854f3ed18d38c2b, type: 3}
      propertyPath: m_LocalRotation.z
      value: -0
      objectReference: {fileID: 0}
    - target: {fileID: 400000, guid: c8d611f57e64f9a46854f3ed18d38c2b, type: 3}
      propertyPath: m_LocalRotation.w
      value: 0.9976798
      objectReference: {fileID: 0}
    - target: {fileID: 400000, guid: c8d611f57e64f9a46854f3ed18d38c2b, type: 3}
      propertyPath: m_RootOrder
      value: 0
      objectReference: {fileID: 0}
    - target: {fileID: 400000, guid: c8d611f57e64f9a46854f3ed18d38c2b, type: 3}
      propertyPath: m_LocalEulerAnglesHint.x
      value: 7.8080006
      objectReference: {fileID: 0}
    - target: {fileID: 400000, guid: c8d611f57e64f9a46854f3ed18d38c2b, type: 3}
      propertyPath: m_LocalEulerAnglesHint.y
      value: 0
      objectReference: {fileID: 0}
    - target: {fileID: 400000, guid: c8d611f57e64f9a46854f3ed18d38c2b, type: 3}
      propertyPath: m_LocalEulerAnglesHint.z
      value: 0
      objectReference: {fileID: 0}
    - target: {fileID: 400000, guid: c8d611f57e64f9a46854f3ed18d38c2b, type: 3}
      propertyPath: m_LocalScale.x
      value: 1.5078189
      objectReference: {fileID: 0}
    - target: {fileID: 400000, guid: c8d611f57e64f9a46854f3ed18d38c2b, type: 3}
      propertyPath: m_LocalScale.y
      value: 1.507819
      objectReference: {fileID: 0}
    - target: {fileID: 400000, guid: c8d611f57e64f9a46854f3ed18d38c2b, type: 3}
      propertyPath: m_LocalScale.z
      value: 1.507819
      objectReference: {fileID: 0}
    - target: {fileID: 2300000, guid: c8d611f57e64f9a46854f3ed18d38c2b, type: 3}
      propertyPath: m_Materials.Array.data[0]
      value: 
      objectReference: {fileID: 2100000, guid: 8d9aafa823bc97a47865347d95094e54, type: 2}
    m_RemovedComponents: []
  m_SourcePrefab: {fileID: 100100000, guid: c8d611f57e64f9a46854f3ed18d38c2b, type: 3}
--- !u!4 &5227370413996945982 stripped
Transform:
  m_CorrespondingSourceObject: {fileID: 400000, guid: c8d611f57e64f9a46854f3ed18d38c2b,
    type: 3}
  m_PrefabInstance: {fileID: 5227370413996812478}
  m_PrefabAsset: {fileID: 0}
