%YAML 1.1
%TAG !u! tag:unity3d.com,2011:
--- !u!1 &958263968638608279
GameObject:
  m_ObjectHideFlags: 0
  m_CorrespondingSourceObject: {fileID: 0}
  m_PrefabInstance: {fileID: 0}
  m_PrefabAsset: {fileID: 0}
  serializedVersion: 6
  m_Component:
  - component: {fileID: 3735882335724416343}
  m_Layer: 0
  m_Name: EnemySpawnHolder
  m_TagString: Untagged
  m_Icon: {fileID: 0}
  m_NavMeshLayer: 0
  m_StaticEditorFlags: 0
  m_IsActive: 1
--- !u!4 &3735882335724416343
Transform:
  m_ObjectHideFlags: 0
  m_CorrespondingSourceObject: {fileID: 0}
  m_PrefabInstance: {fileID: 0}
  m_PrefabAsset: {fileID: 0}
  m_GameObject: {fileID: 958263968638608279}
  m_LocalRotation: {x: 0, y: 0, z: 0, w: 1}
  m_LocalPosition: {x: 0, y: 0, z: 0}
  m_LocalScale: {x: 1, y: 1, z: 1}
  m_Children:
  - {fileID: 4680976848268353272}
  - {fileID: 6346456350054433315}
  - {fileID: 2774059517186224225}
  - {fileID: 1586080033426033415}
  m_Father: {fileID: 7481141398712215647}
  m_RootOrder: 1
  m_LocalEulerAnglesHint: {x: 0, y: 0, z: 0}
--- !u!1 &1057257565198090944
GameObject:
  m_ObjectHideFlags: 0
  m_CorrespondingSourceObject: {fileID: 0}
  m_PrefabInstance: {fileID: 0}
  m_PrefabAsset: {fileID: 0}
  serializedVersion: 6
  m_Component:
  - component: {fileID: 6811485332373697103}
  m_Layer: 0
  m_Name: ExitPortion
  m_TagString: Untagged
  m_Icon: {fileID: 0}
  m_NavMeshLayer: 0
  m_StaticEditorFlags: 0
  m_IsActive: 1
--- !u!4 &6811485332373697103
Transform:
  m_ObjectHideFlags: 0
  m_CorrespondingSourceObject: {fileID: 0}
  m_PrefabInstance: {fileID: 0}
  m_PrefabAsset: {fileID: 0}
  m_GameObject: {fileID: 1057257565198090944}
  m_LocalRotation: {x: -0, y: -0.70710576, z: -0, w: 0.70710784}
  m_LocalPosition: {x: 0, y: 0, z: -14}
  m_LocalScale: {x: 1, y: 1, z: 1}
  m_Children:
  - {fileID: 5090340751413710633}
  - {fileID: 4600008840340169025}
  m_Father: {fileID: 6107317084922232546}
  m_RootOrder: 2
  m_LocalEulerAnglesHint: {x: 0, y: -90.00001, z: 0}
--- !u!1 &1569235510805660886
GameObject:
  m_ObjectHideFlags: 0
  m_CorrespondingSourceObject: {fileID: 0}
  m_PrefabInstance: {fileID: 0}
  m_PrefabAsset: {fileID: 0}
  serializedVersion: 6
  m_Component:
  - component: {fileID: 6861741221854653078}
  m_Layer: 0
  m_Name: ItemSpawnHolder
  m_TagString: Untagged
  m_Icon: {fileID: 7422848464349959988, guid: 0000000000000000d000000000000000, type: 0}
  m_NavMeshLayer: 0
  m_StaticEditorFlags: 0
  m_IsActive: 1
--- !u!4 &6861741221854653078
Transform:
  m_ObjectHideFlags: 0
  m_CorrespondingSourceObject: {fileID: 0}
  m_PrefabInstance: {fileID: 0}
  m_PrefabAsset: {fileID: 0}
  m_GameObject: {fileID: 1569235510805660886}
  m_LocalRotation: {x: 0, y: 0, z: 0, w: 1}
  m_LocalPosition: {x: 0, y: 4, z: 0}
  m_LocalScale: {x: 1, y: 1, z: 1}
  m_Children:
  - {fileID: 9159865603839487443}
  m_Father: {fileID: 7024911472766680652}
  m_RootOrder: 1
  m_LocalEulerAnglesHint: {x: 0, y: 0, z: 0}
--- !u!64 &6933774624409585413
MeshCollider:
  m_ObjectHideFlags: 0
  m_CorrespondingSourceObject: {fileID: 0}
  m_PrefabInstance: {fileID: 0}
  m_PrefabAsset: {fileID: 0}
  m_GameObject: {fileID: 2152485910610611368}
  m_Material: {fileID: 0}
  m_IsTrigger: 0
  m_Enabled: 1
  serializedVersion: 3
  m_Convex: 0
  m_CookingOptions: 14
  m_Mesh: {fileID: 4300000, guid: 7f5fbbc389f22304aa766a65614614c5, type: 3}
--- !u!1 &2212567998808568389
GameObject:
  m_ObjectHideFlags: 0
  m_CorrespondingSourceObject: {fileID: 0}
  m_PrefabInstance: {fileID: 0}
  m_PrefabAsset: {fileID: 0}
  serializedVersion: 6
  m_Component:
  - component: {fileID: 1132116799078025415}
  - component: {fileID: 4590413595031900926}
  m_Layer: 0
  m_Name: BigBridgeRoomV1
  m_TagString: Untagged
  m_Icon: {fileID: 0}
  m_NavMeshLayer: 0
  m_StaticEditorFlags: 0
  m_IsActive: 1
--- !u!4 &1132116799078025415
Transform:
  m_ObjectHideFlags: 0
  m_CorrespondingSourceObject: {fileID: 0}
  m_PrefabInstance: {fileID: 0}
  m_PrefabAsset: {fileID: 0}
  m_GameObject: {fileID: 2212567998808568389}
  m_LocalRotation: {x: -0, y: 0.70710576, z: -0, w: 0.70710784}
  m_LocalPosition: {x: 0, y: 0, z: 0}
  m_LocalScale: {x: 1, y: 1, z: 1}
  m_Children:
  - {fileID: 7024911472766680652}
  m_Father: {fileID: 6107317084922232546}
  m_RootOrder: 1
  m_LocalEulerAnglesHint: {x: 0, y: 90.00001, z: 0}
--- !u!64 &4590413595031900926
MeshCollider:
  m_ObjectHideFlags: 0
  m_CorrespondingSourceObject: {fileID: 0}
  m_PrefabInstance: {fileID: 0}
  m_PrefabAsset: {fileID: 0}
  m_GameObject: {fileID: 2212567998808568389}
  m_Material: {fileID: 0}
  m_IsTrigger: 0
  m_Enabled: 1
  serializedVersion: 3
  m_Convex: 1
  m_CookingOptions: 14
  m_Mesh: {fileID: 0}
--- !u!65 &8679899286501547650
BoxCollider:
  m_ObjectHideFlags: 0
  m_CorrespondingSourceObject: {fileID: 0}
  m_PrefabInstance: {fileID: 0}
  m_PrefabAsset: {fileID: 0}
  m_GameObject: {fileID: 2816859389578480292}
  m_Material: {fileID: 13400000, guid: 2cfb0ec0f505f554ab8c97ae39f4e05c, type: 2}
  m_IsTrigger: 1
  m_Enabled: 1
  serializedVersion: 2
  m_Size: {x: 1400, y: 2370.847, z: 1400}
  m_Center: {x: 0, y: -809.64087, z: 0.000047683716}
--- !u!1 &3457139059512292216
GameObject:
  m_ObjectHideFlags: 0
  m_CorrespondingSourceObject: {fileID: 0}
  m_PrefabInstance: {fileID: 0}
  m_PrefabAsset: {fileID: 0}
  serializedVersion: 6
  m_Component:
  - component: {fileID: 7481141398712215647}
  m_Layer: 0
  m_Name: EnemyCore
  m_TagString: Untagged
  m_Icon: {fileID: 6519382022992737161, guid: 0000000000000000d000000000000000, type: 0}
  m_NavMeshLayer: 0
  m_StaticEditorFlags: 0
  m_IsActive: 1
--- !u!4 &7481141398712215647
Transform:
  m_ObjectHideFlags: 0
  m_CorrespondingSourceObject: {fileID: 0}
  m_PrefabInstance: {fileID: 0}
  m_PrefabAsset: {fileID: 0}
  m_GameObject: {fileID: 3457139059512292216}
  m_LocalRotation: {x: 0, y: 0, z: 0, w: 1}
  m_LocalPosition: {x: 0, y: 4, z: 0}
  m_LocalScale: {x: 1, y: 1, z: 1}
  m_Children:
  - {fileID: 1979582761723232296}
  - {fileID: 3735882335724416343}
  m_Father: {fileID: 7024911472766680652}
  m_RootOrder: 0
  m_LocalEulerAnglesHint: {x: 0, y: 0, z: 0}
--- !u!1 &3729879641884984709
GameObject:
  m_ObjectHideFlags: 0
  m_CorrespondingSourceObject: {fileID: 0}
  m_PrefabInstance: {fileID: 0}
  m_PrefabAsset: {fileID: 0}
  serializedVersion: 6
  m_Component:
  - component: {fileID: 2444325227364948392}
  m_Layer: 0
  m_Name: END PAD
  m_TagString: Untagged
  m_Icon: {fileID: 0}
  m_NavMeshLayer: 0
  m_StaticEditorFlags: 0
  m_IsActive: 1
--- !u!4 &2444325227364948392
Transform:
  m_ObjectHideFlags: 0
  m_CorrespondingSourceObject: {fileID: 0}
  m_PrefabInstance: {fileID: 0}
  m_PrefabAsset: {fileID: 0}
  m_GameObject: {fileID: 3729879641884984709}
  m_LocalRotation: {x: -0, y: -0.70710576, z: -0, w: 0.70710784}
  m_LocalPosition: {x: 0.009999799, y: 3.8399, z: -14.07}
  m_LocalScale: {x: 1.3060399, y: 1.3060399, z: 1.3060399}
  m_Children:
  - {fileID: 5603747276880118332}
  - {fileID: 2152485910610776200}
  - {fileID: 4405369623973628379}
  m_Father: {fileID: 6107317084922232546}
  m_RootOrder: 3
  m_LocalEulerAnglesHint: {x: 0, y: 0, z: 0}
--- !u!1 &4116303078392650111
GameObject:
  m_ObjectHideFlags: 0
  m_CorrespondingSourceObject: {fileID: 0}
  m_PrefabInstance: {fileID: 0}
  m_PrefabAsset: {fileID: 0}
  serializedVersion: 6
  m_Component:
  - component: {fileID: 4680976848268353272}
  - component: {fileID: 4259002028158721786}
  - component: {fileID: 8884246466269549976}
  m_Layer: 12
  m_Name: EnemySpawnPoint
  m_TagString: Untagged
  m_Icon: {fileID: 0}
  m_NavMeshLayer: 0
  m_StaticEditorFlags: 0
  m_IsActive: 1
--- !u!4 &4680976848268353272
Transform:
  m_ObjectHideFlags: 0
  m_CorrespondingSourceObject: {fileID: 0}
  m_PrefabInstance: {fileID: 0}
  m_PrefabAsset: {fileID: 0}
  m_GameObject: {fileID: 4116303078392650111}
  m_LocalRotation: {x: -0, y: -0, z: -0, w: 1}
  m_LocalPosition: {x: 5, y: 0, z: 3}
  m_LocalScale: {x: 1, y: 1, z: 1}
  m_Children: []
  m_Father: {fileID: 3735882335724416343}
  m_RootOrder: 0
  m_LocalEulerAnglesHint: {x: 0, y: 0, z: 0}
--- !u!33 &4259002028158721786
MeshFilter:
  m_ObjectHideFlags: 0
  m_CorrespondingSourceObject: {fileID: 0}
  m_PrefabInstance: {fileID: 0}
  m_PrefabAsset: {fileID: 0}
  m_GameObject: {fileID: 4116303078392650111}
  m_Mesh: {fileID: 10207, guid: 0000000000000000e000000000000000, type: 0}
--- !u!23 &8884246466269549976
MeshRenderer:
  m_ObjectHideFlags: 0
  m_CorrespondingSourceObject: {fileID: 0}
  m_PrefabInstance: {fileID: 0}
  m_PrefabAsset: {fileID: 0}
  m_GameObject: {fileID: 4116303078392650111}
  m_Enabled: 1
  m_CastShadows: 1
  m_ReceiveShadows: 1
  m_DynamicOccludee: 1
  m_MotionVectors: 1
  m_LightProbeUsage: 1
  m_ReflectionProbeUsage: 1
  m_RenderingLayerMask: 1
  m_RendererPriority: 0
  m_Materials:
  - {fileID: 2100000, guid: 949d1074739d2d243b9cde99ca38e1c9, type: 2}
  m_StaticBatchInfo:
    firstSubMesh: 0
    subMeshCount: 0
  m_StaticBatchRoot: {fileID: 0}
  m_ProbeAnchor: {fileID: 0}
  m_LightProbeVolumeOverride: {fileID: 0}
  m_ScaleInLightmap: 1
  m_PreserveUVs: 0
  m_IgnoreNormalsForChartDetection: 0
  m_ImportantGI: 0
  m_StitchLightmapSeams: 0
  m_SelectedEditorRenderState: 3
  m_MinimumChartSize: 4
  m_AutoUVMaxDistance: 0.5
  m_AutoUVMaxAngle: 89
  m_LightmapParameters: {fileID: 0}
  m_SortingLayerID: 0
  m_SortingLayer: 0
  m_SortingOrder: 0
--- !u!1 &4283934986342549533
GameObject:
  m_ObjectHideFlags: 0
  m_CorrespondingSourceObject: {fileID: 0}
  m_PrefabInstance: {fileID: 0}
  m_PrefabAsset: {fileID: 0}
  serializedVersion: 6
  m_Component:
  - component: {fileID: 2774059517186224225}
  - component: {fileID: 5528282621082328682}
  - component: {fileID: 3040559726369587177}
  m_Layer: 12
  m_Name: EnemySpawnPoint (2)
  m_TagString: Untagged
  m_Icon: {fileID: 0}
  m_NavMeshLayer: 0
  m_StaticEditorFlags: 0
  m_IsActive: 1
--- !u!4 &2774059517186224225
Transform:
  m_ObjectHideFlags: 0
  m_CorrespondingSourceObject: {fileID: 0}
  m_PrefabInstance: {fileID: 0}
  m_PrefabAsset: {fileID: 0}
  m_GameObject: {fileID: 4283934986342549533}
  m_LocalRotation: {x: -0, y: -0, z: -0, w: 1}
  m_LocalPosition: {x: -5, y: 0, z: 5}
  m_LocalScale: {x: 1, y: 1, z: 1}
  m_Children: []
  m_Father: {fileID: 3735882335724416343}
  m_RootOrder: 2
  m_LocalEulerAnglesHint: {x: 0, y: 0, z: 0}
--- !u!33 &5528282621082328682
MeshFilter:
  m_ObjectHideFlags: 0
  m_CorrespondingSourceObject: {fileID: 0}
  m_PrefabInstance: {fileID: 0}
  m_PrefabAsset: {fileID: 0}
  m_GameObject: {fileID: 4283934986342549533}
  m_Mesh: {fileID: 10207, guid: 0000000000000000e000000000000000, type: 0}
--- !u!23 &3040559726369587177
MeshRenderer:
  m_ObjectHideFlags: 0
  m_CorrespondingSourceObject: {fileID: 0}
  m_PrefabInstance: {fileID: 0}
  m_PrefabAsset: {fileID: 0}
  m_GameObject: {fileID: 4283934986342549533}
  m_Enabled: 1
  m_CastShadows: 1
  m_ReceiveShadows: 1
  m_DynamicOccludee: 1
  m_MotionVectors: 1
  m_LightProbeUsage: 1
  m_ReflectionProbeUsage: 1
  m_RenderingLayerMask: 1
  m_RendererPriority: 0
  m_Materials:
  - {fileID: 2100000, guid: 949d1074739d2d243b9cde99ca38e1c9, type: 2}
  m_StaticBatchInfo:
    firstSubMesh: 0
    subMeshCount: 0
  m_StaticBatchRoot: {fileID: 0}
  m_ProbeAnchor: {fileID: 0}
  m_LightProbeVolumeOverride: {fileID: 0}
  m_ScaleInLightmap: 1
  m_PreserveUVs: 0
  m_IgnoreNormalsForChartDetection: 0
  m_ImportantGI: 0
  m_StitchLightmapSeams: 0
  m_SelectedEditorRenderState: 3
  m_MinimumChartSize: 4
  m_AutoUVMaxDistance: 0.5
  m_AutoUVMaxAngle: 89
  m_LightmapParameters: {fileID: 0}
  m_SortingLayerID: 0
  m_SortingLayer: 0
  m_SortingOrder: 0
--- !u!1 &4374008439179032802
GameObject:
  m_ObjectHideFlags: 0
  m_CorrespondingSourceObject: {fileID: 0}
  m_PrefabInstance: {fileID: 0}
  m_PrefabAsset: {fileID: 0}
  serializedVersion: 6
  m_Component:
  - component: {fileID: 8411256091637598541}
  m_Layer: 0
  m_Name: ExitPortalPoint
  m_TagString: ExitDoor
  m_Icon: {fileID: 8418204508859773708, guid: 0000000000000000d000000000000000, type: 0}
  m_NavMeshLayer: 0
  m_StaticEditorFlags: 0
  m_IsActive: 1
--- !u!4 &8411256091637598541
Transform:
  m_ObjectHideFlags: 0
  m_CorrespondingSourceObject: {fileID: 0}
  m_PrefabInstance: {fileID: 0}
  m_PrefabAsset: {fileID: 0}
  m_GameObject: {fileID: 4374008439179032802}
  m_LocalRotation: {x: -0, y: -0, z: -0, w: 1}
  m_LocalPosition: {x: 0.002555559, y: 0.479598, z: 0.000851861}
  m_LocalScale: {x: 1.1074198, y: 1.1074198, z: 1.1074198}
  m_Children:
  - {fileID: 7256969554607948308}
  m_Father: {fileID: 5603747276880118332}
  m_RootOrder: 0
  m_LocalEulerAnglesHint: {x: 0, y: 0, z: 0}
--- !u!1 &5200151544811730281
GameObject:
  m_ObjectHideFlags: 0
  m_CorrespondingSourceObject: {fileID: 0}
  m_PrefabInstance: {fileID: 0}
  m_PrefabAsset: {fileID: 0}
  serializedVersion: 6
  m_Component:
  - component: {fileID: 4600008840340169025}
  m_Layer: 0
  m_Name: EndRoomCore
  m_TagString: Untagged
  m_Icon: {fileID: -5397416234189338067, guid: 0000000000000000d000000000000000, type: 0}
  m_NavMeshLayer: 0
  m_StaticEditorFlags: 0
  m_IsActive: 1
--- !u!4 &4600008840340169025
Transform:
  m_ObjectHideFlags: 0
  m_CorrespondingSourceObject: {fileID: 0}
  m_PrefabInstance: {fileID: 0}
  m_PrefabAsset: {fileID: 0}
  m_GameObject: {fileID: 5200151544811730281}
  m_LocalRotation: {x: -0, y: -0, z: -0, w: 1}
  m_LocalPosition: {x: 0, y: 0, z: 0}
  m_LocalScale: {x: 1, y: 1, z: 1}
  m_Children: []
  m_Father: {fileID: 6811485332373697103}
  m_RootOrder: 1
  m_LocalEulerAnglesHint: {x: 0, y: 0, z: 0}
--- !u!64 &4360274017009751882
MeshCollider:
  m_ObjectHideFlags: 0
  m_CorrespondingSourceObject: {fileID: 0}
  m_PrefabInstance: {fileID: 0}
  m_PrefabAsset: {fileID: 0}
  m_GameObject: {fileID: 5534645347192761615}
  m_Material: {fileID: 13400000, guid: 5a50ea9ee0c12db41abc3242c72611d0, type: 2}
  m_IsTrigger: 1
  m_Enabled: 1
  serializedVersion: 3
  m_Convex: 1
  m_CookingOptions: 14
  m_Mesh: {fileID: 4300000, guid: e581ed1fbab508648a88017ce2c44d1c, type: 3}
--- !u!65 &4384516455896457796
BoxCollider:
  m_ObjectHideFlags: 0
  m_CorrespondingSourceObject: {fileID: 0}
  m_PrefabInstance: {fileID: 0}
  m_PrefabAsset: {fileID: 0}
  m_GameObject: {fileID: 5534645347192761723}
  m_Material: {fileID: 13400000, guid: 2cfb0ec0f505f554ab8c97ae39f4e05c, type: 2}
  m_IsTrigger: 1
  m_Enabled: 1
  serializedVersion: 2
  m_Size: {x: 400, y: 2383.8235, z: 1400}
  m_Center: {x: 0, y: -826.24493, z: 0}
--- !u!65 &2862388137648305204
BoxCollider:
  m_ObjectHideFlags: 0
  m_CorrespondingSourceObject: {fileID: 0}
  m_PrefabInstance: {fileID: 0}
  m_PrefabAsset: {fileID: 0}
  m_GameObject: {fileID: 5534645347192761725}
  m_Material: {fileID: 13400000, guid: 2cfb0ec0f505f554ab8c97ae39f4e05c, type: 2}
  m_IsTrigger: 1
  m_Enabled: 1
  serializedVersion: 2
  m_Size: {x: 400, y: 2367.978, z: 1400}
  m_Center: {x: 0, y: -819.17957, z: 0}
--- !u!1 &5620425171499270376
GameObject:
  m_ObjectHideFlags: 0
  m_CorrespondingSourceObject: {fileID: 0}
  m_PrefabInstance: {fileID: 0}
  m_PrefabAsset: {fileID: 0}
  serializedVersion: 6
  m_Component:
  - component: {fileID: 4104253864669212821}
  - component: {fileID: 3781486679187188734}
  - component: {fileID: 7665106451956927794}
  m_Layer: 0
  m_Name: TeleporterTrigger
  m_TagString: Untagged
  m_Icon: {fileID: 6519382022992737161, guid: 0000000000000000d000000000000000, type: 0}
  m_NavMeshLayer: 0
  m_StaticEditorFlags: 0
  m_IsActive: 1
--- !u!4 &4104253864669212821
Transform:
  m_ObjectHideFlags: 0
  m_CorrespondingSourceObject: {fileID: 0}
  m_PrefabInstance: {fileID: 0}
  m_PrefabAsset: {fileID: 0}
  m_GameObject: {fileID: 5620425171499270376}
  m_LocalRotation: {x: -0, y: -0, z: -0, w: 1}
  m_LocalPosition: {x: -0.007656533, y: -0.83, z: 0.12250774}
  m_LocalScale: {x: 0.7656734, y: 0.7656734, z: 0.7656734}
  m_Children: []
  m_Father: {fileID: 4405369623973628379}
  m_RootOrder: 0
  m_LocalEulerAnglesHint: {x: 0, y: 0, z: 0}
--- !u!135 &3781486679187188734
SphereCollider:
  m_ObjectHideFlags: 0
  m_CorrespondingSourceObject: {fileID: 0}
  m_PrefabInstance: {fileID: 0}
  m_PrefabAsset: {fileID: 0}
  m_GameObject: {fileID: 5620425171499270376}
  m_Material: {fileID: 0}
  m_IsTrigger: 1
  m_Enabled: 1
  serializedVersion: 2
  m_Radius: 3.16
  m_Center: {x: 0, y: 0, z: 0}
--- !u!114 &7665106451956927794
MonoBehaviour:
  m_ObjectHideFlags: 0
  m_CorrespondingSourceObject: {fileID: 0}
  m_PrefabInstance: {fileID: 0}
  m_PrefabAsset: {fileID: 0}
  m_GameObject: {fileID: 5620425171499270376}
  m_Enabled: 1
  m_EditorHideFlags: 0
  m_Script: {fileID: 11500000, guid: dcce1e99f39a7a340a9ebb09c9820044, type: 3}
  m_Name: 
  m_EditorClassIdentifier: 
  teleportPS: {fileID: 4989602302722957775, guid: 33cb477dd84707543a5044689ec852a9,
    type: 3}
--- !u!1 &6267412984398073232
GameObject:
  m_ObjectHideFlags: 0
  m_CorrespondingSourceObject: {fileID: 0}
  m_PrefabInstance: {fileID: 0}
  m_PrefabAsset: {fileID: 0}
  serializedVersion: 6
  m_Component:
  - component: {fileID: 5603747276880118332}
  - component: {fileID: 6767096603304989665}
  - component: {fileID: 4107833345663897815}
  - component: {fileID: 8449059981936374299}
  - component: {fileID: 7735831382154076083}
  - component: {fileID: 1916958212860893172}
  m_Layer: 0
  m_Name: Electrical Barrier
  m_TagString: Untagged
  m_Icon: {fileID: 0}
  m_NavMeshLayer: 0
  m_StaticEditorFlags: 0
  m_IsActive: 1
--- !u!4 &5603747276880118332
Transform:
  m_ObjectHideFlags: 0
  m_CorrespondingSourceObject: {fileID: 0}
  m_PrefabInstance: {fileID: 0}
  m_PrefabAsset: {fileID: 0}
  m_GameObject: {fileID: 6267412984398073232}
  m_LocalRotation: {x: -0, y: -0, z: -0, w: 1}
  m_LocalPosition: {x: 0.09953745, y: -0.6430891, z: -0.09953754}
  m_LocalScale: {x: 8.988239, y: 8.988239, z: 8.988239}
  m_Children:
  - {fileID: 8411256091637598541}
  m_Father: {fileID: 2444325227364948392}
  m_RootOrder: 0
  m_LocalEulerAnglesHint: {x: 0, y: 0, z: 0}
--- !u!33 &6767096603304989665
MeshFilter:
  m_ObjectHideFlags: 0
  m_CorrespondingSourceObject: {fileID: 0}
  m_PrefabInstance: {fileID: 0}
  m_PrefabAsset: {fileID: 0}
  m_GameObject: {fileID: 6267412984398073232}
  m_Mesh: {fileID: 10207, guid: 0000000000000000e000000000000000, type: 0}
--- !u!23 &4107833345663897815
MeshRenderer:
  m_ObjectHideFlags: 0
  m_CorrespondingSourceObject: {fileID: 0}
  m_PrefabInstance: {fileID: 0}
  m_PrefabAsset: {fileID: 0}
  m_GameObject: {fileID: 6267412984398073232}
  m_Enabled: 1
  m_CastShadows: 1
  m_ReceiveShadows: 1
  m_DynamicOccludee: 1
  m_MotionVectors: 1
  m_LightProbeUsage: 1
  m_ReflectionProbeUsage: 1
  m_RenderingLayerMask: 1
  m_RendererPriority: 0
  m_Materials:
  - {fileID: 2100000, guid: 2b74f6f96c127dd42a33cc0bcbf6d5d3, type: 2}
  m_StaticBatchInfo:
    firstSubMesh: 0
    subMeshCount: 0
  m_StaticBatchRoot: {fileID: 0}
  m_ProbeAnchor: {fileID: 0}
  m_LightProbeVolumeOverride: {fileID: 0}
  m_ScaleInLightmap: 1
  m_PreserveUVs: 0
  m_IgnoreNormalsForChartDetection: 0
  m_ImportantGI: 0
  m_StitchLightmapSeams: 0
  m_SelectedEditorRenderState: 3
  m_MinimumChartSize: 4
  m_AutoUVMaxDistance: 0.5
  m_AutoUVMaxAngle: 89
  m_LightmapParameters: {fileID: 0}
  m_SortingLayerID: 0
  m_SortingLayer: 0
  m_SortingOrder: 0
--- !u!135 &8449059981936374299
SphereCollider:
  m_ObjectHideFlags: 0
  m_CorrespondingSourceObject: {fileID: 0}
  m_PrefabInstance: {fileID: 0}
  m_PrefabAsset: {fileID: 0}
  m_GameObject: {fileID: 6267412984398073232}
  m_Material: {fileID: 0}
  m_IsTrigger: 0
  m_Enabled: 1
  serializedVersion: 2
  m_Radius: 0.5
  m_Center: {x: 0, y: 0, z: 0}
--- !u!114 &7735831382154076083
MonoBehaviour:
  m_ObjectHideFlags: 0
  m_CorrespondingSourceObject: {fileID: 0}
  m_PrefabInstance: {fileID: 0}
  m_PrefabAsset: {fileID: 0}
  m_GameObject: {fileID: 6267412984398073232}
  m_Enabled: 1
  m_EditorHideFlags: 0
  m_Script: {fileID: 11500000, guid: a82a8a1b52f7ab343a5404bb19320d9a, type: 3}
  m_Name: 
  m_EditorClassIdentifier: 
  beamPoints: {fileID: 5889514535014472939}
  ySpeed: 0.01
--- !u!136 &1916958212860893172
CapsuleCollider:
  m_ObjectHideFlags: 0
  m_CorrespondingSourceObject: {fileID: 0}
  m_PrefabInstance: {fileID: 0}
  m_PrefabAsset: {fileID: 0}
  m_GameObject: {fileID: 6267412984398073232}
  m_Material: {fileID: 0}
  m_IsTrigger: 0
  m_Enabled: 1
  m_Radius: 0.5
  m_Height: 1.4926131
  m_Direction: 1
  m_Center: {x: -0.00000012185976, y: 0.24630529, z: -8.893846e-21}
--- !u!1 &6774586421090280659
GameObject:
  m_ObjectHideFlags: 0
  m_CorrespondingSourceObject: {fileID: 0}
  m_PrefabInstance: {fileID: 0}
  m_PrefabAsset: {fileID: 0}
  serializedVersion: 6
  m_Component:
  - component: {fileID: 7024911472766680652}
  m_Layer: 0
  m_Name: VariableCore
  m_TagString: Untagged
  m_Icon: {fileID: 7174288486110832750, guid: 0000000000000000d000000000000000, type: 0}
  m_NavMeshLayer: 0
  m_StaticEditorFlags: 0
  m_IsActive: 1
--- !u!4 &7024911472766680652
Transform:
  m_ObjectHideFlags: 0
  m_CorrespondingSourceObject: {fileID: 0}
  m_PrefabInstance: {fileID: 0}
  m_PrefabAsset: {fileID: 0}
  m_GameObject: {fileID: 6774586421090280659}
  m_LocalRotation: {x: -0, y: -0, z: -0, w: 1}
  m_LocalPosition: {x: 0, y: 0, z: 0}
  m_LocalScale: {x: 1, y: 1, z: 1}
  m_Children:
  - {fileID: 7481141398712215647}
  - {fileID: 6861741221854653078}
  m_Father: {fileID: 1132116799078025415}
  m_RootOrder: 0
  m_LocalEulerAnglesHint: {x: 0, y: 0, z: 0}
--- !u!1 &6844524311417199180
GameObject:
  m_ObjectHideFlags: 0
  m_CorrespondingSourceObject: {fileID: 0}
  m_PrefabInstance: {fileID: 0}
  m_PrefabAsset: {fileID: 0}
  serializedVersion: 6
  m_Component:
  - component: {fileID: 1979582761723232296}
  m_Layer: 0
  m_Name: TurretSpawnHolder
  m_TagString: Untagged
  m_Icon: {fileID: 0}
  m_NavMeshLayer: 0
  m_StaticEditorFlags: 0
  m_IsActive: 1
--- !u!4 &1979582761723232296
Transform:
  m_ObjectHideFlags: 0
  m_CorrespondingSourceObject: {fileID: 0}
  m_PrefabInstance: {fileID: 0}
  m_PrefabAsset: {fileID: 0}
  m_GameObject: {fileID: 6844524311417199180}
  m_LocalRotation: {x: -0, y: -0, z: -0, w: 1}
  m_LocalPosition: {x: 0, y: 0, z: 0}
  m_LocalScale: {x: 1, y: 1, z: 1}
  m_Children:
  - {fileID: 5020711170045781204}
  - {fileID: 8986462847260271561}
  m_Father: {fileID: 7481141398712215647}
  m_RootOrder: 0
  m_LocalEulerAnglesHint: {x: 0, y: 0, z: 0}
--- !u!1 &7085257108661039851
GameObject:
  m_ObjectHideFlags: 0
  m_CorrespondingSourceObject: {fileID: 0}
  m_PrefabInstance: {fileID: 0}
  m_PrefabAsset: {fileID: 0}
  serializedVersion: 6
  m_Component:
  - component: {fileID: 4405369623973628379}
  - component: {fileID: 7498015341456388346}
  - component: {fileID: 3912325697545857085}
  - component: {fileID: 5595608604974766351}
  m_Layer: 0
  m_Name: m_platform
  m_TagString: Untagged
  m_Icon: {fileID: 0}
  m_NavMeshLayer: 0
  m_StaticEditorFlags: 0
  m_IsActive: 1
--- !u!4 &4405369623973628379
Transform:
  m_ObjectHideFlags: 0
  m_CorrespondingSourceObject: {fileID: 0}
  m_PrefabInstance: {fileID: 0}
  m_PrefabAsset: {fileID: 0}
  m_GameObject: {fileID: 7085257108661039851}
  m_LocalRotation: {x: 0, y: 0, z: 0, w: 1}
  m_LocalPosition: {x: 0.02, y: 0, z: -0.13}
  m_LocalScale: {x: 1, y: 1, z: 1}
  m_Children:
  - {fileID: 4104253864669212821}
  m_Father: {fileID: 2444325227364948392}
  m_RootOrder: 2
  m_LocalEulerAnglesHint: {x: 0, y: 0, z: 0}
--- !u!33 &7498015341456388346
MeshFilter:
  m_ObjectHideFlags: 0
  m_CorrespondingSourceObject: {fileID: 0}
  m_PrefabInstance: {fileID: 0}
  m_PrefabAsset: {fileID: 0}
  m_GameObject: {fileID: 7085257108661039851}
  m_Mesh: {fileID: 4300000, guid: d673b6d0d7733bf44a672d0d1467c132, type: 3}
--- !u!23 &3912325697545857085
MeshRenderer:
  m_ObjectHideFlags: 0
  m_CorrespondingSourceObject: {fileID: 0}
  m_PrefabInstance: {fileID: 0}
  m_PrefabAsset: {fileID: 0}
  m_GameObject: {fileID: 7085257108661039851}
  m_Enabled: 1
  m_CastShadows: 1
  m_ReceiveShadows: 1
  m_DynamicOccludee: 1
  m_MotionVectors: 1
  m_LightProbeUsage: 1
  m_ReflectionProbeUsage: 1
  m_RenderingLayerMask: 1
  m_RendererPriority: 0
  m_Materials:
  - {fileID: 2100000, guid: 12c60f69f8b48e848b9ddf45fa8dcb46, type: 2}
  m_StaticBatchInfo:
    firstSubMesh: 0
    subMeshCount: 0
  m_StaticBatchRoot: {fileID: 0}
  m_ProbeAnchor: {fileID: 0}
  m_LightProbeVolumeOverride: {fileID: 0}
  m_ScaleInLightmap: 1
  m_PreserveUVs: 0
  m_IgnoreNormalsForChartDetection: 0
  m_ImportantGI: 0
  m_StitchLightmapSeams: 0
  m_SelectedEditorRenderState: 3
  m_MinimumChartSize: 4
  m_AutoUVMaxDistance: 0.5
  m_AutoUVMaxAngle: 89
  m_LightmapParameters: {fileID: 0}
  m_SortingLayerID: 0
  m_SortingLayer: 0
  m_SortingOrder: 0
--- !u!64 &5595608604974766351
MeshCollider:
  m_ObjectHideFlags: 0
  m_CorrespondingSourceObject: {fileID: 0}
  m_PrefabInstance: {fileID: 0}
  m_PrefabAsset: {fileID: 0}
  m_GameObject: {fileID: 7085257108661039851}
  m_Material: {fileID: 0}
  m_IsTrigger: 0
  m_Enabled: 1
  serializedVersion: 3
  m_Convex: 0
  m_CookingOptions: 14
  m_Mesh: {fileID: 4300000, guid: d673b6d0d7733bf44a672d0d1467c132, type: 3}
--- !u!1 &7565103195993455163
GameObject:
  m_ObjectHideFlags: 0
  m_CorrespondingSourceObject: {fileID: 0}
  m_PrefabInstance: {fileID: 0}
  m_PrefabAsset: {fileID: 0}
  serializedVersion: 6
  m_Component:
  - component: {fileID: 9159865603839487443}
  - component: {fileID: 6805119792089288946}
  - component: {fileID: 6480060709180073850}
  m_Layer: 12
  m_Name: ItemSpawnPoint
  m_TagString: Untagged
  m_Icon: {fileID: 0}
  m_NavMeshLayer: 0
  m_StaticEditorFlags: 0
  m_IsActive: 1
--- !u!4 &9159865603839487443
Transform:
  m_ObjectHideFlags: 0
  m_CorrespondingSourceObject: {fileID: 0}
  m_PrefabInstance: {fileID: 0}
  m_PrefabAsset: {fileID: 0}
  m_GameObject: {fileID: 7565103195993455163}
  m_LocalRotation: {x: -0, y: -0, z: -0, w: 1}
  m_LocalPosition: {x: -5, y: 0, z: -5}
  m_LocalScale: {x: 1, y: 1, z: 1}
  m_Children: []
  m_Father: {fileID: 6861741221854653078}
  m_RootOrder: 0
  m_LocalEulerAnglesHint: {x: 0, y: 0, z: 0}
--- !u!33 &6805119792089288946
MeshFilter:
  m_ObjectHideFlags: 0
  m_CorrespondingSourceObject: {fileID: 0}
  m_PrefabInstance: {fileID: 0}
  m_PrefabAsset: {fileID: 0}
  m_GameObject: {fileID: 7565103195993455163}
  m_Mesh: {fileID: 10207, guid: 0000000000000000e000000000000000, type: 0}
--- !u!23 &6480060709180073850
MeshRenderer:
  m_ObjectHideFlags: 0
  m_CorrespondingSourceObject: {fileID: 0}
  m_PrefabInstance: {fileID: 0}
  m_PrefabAsset: {fileID: 0}
  m_GameObject: {fileID: 7565103195993455163}
  m_Enabled: 1
  m_CastShadows: 1
  m_ReceiveShadows: 1
  m_DynamicOccludee: 1
  m_MotionVectors: 1
  m_LightProbeUsage: 1
  m_ReflectionProbeUsage: 1
  m_RenderingLayerMask: 1
  m_RendererPriority: 0
  m_Materials:
  - {fileID: 2100000, guid: 8d9aafa823bc97a47865347d95094e54, type: 2}
  m_StaticBatchInfo:
    firstSubMesh: 0
    subMeshCount: 0
  m_StaticBatchRoot: {fileID: 0}
  m_ProbeAnchor: {fileID: 0}
  m_LightProbeVolumeOverride: {fileID: 0}
  m_ScaleInLightmap: 1
  m_PreserveUVs: 0
  m_IgnoreNormalsForChartDetection: 0
  m_ImportantGI: 0
  m_StitchLightmapSeams: 0
  m_SelectedEditorRenderState: 3
  m_MinimumChartSize: 4
  m_AutoUVMaxDistance: 0.5
  m_AutoUVMaxAngle: 89
  m_LightmapParameters: {fileID: 0}
  m_SortingLayerID: 0
  m_SortingLayer: 0
  m_SortingOrder: 0
--- !u!1 &7707646599298944137
GameObject:
  m_ObjectHideFlags: 0
  m_CorrespondingSourceObject: {fileID: 0}
  m_PrefabInstance: {fileID: 0}
  m_PrefabAsset: {fileID: 0}
  serializedVersion: 6
  m_Component:
  - component: {fileID: 6107317084922232546}
  - component: {fileID: 3724150945807439669}
  m_Layer: 0
  m_Name: EndingRoomExpandedV2
  m_TagString: Untagged
  m_Icon: {fileID: 0}
  m_NavMeshLayer: 0
  m_StaticEditorFlags: 0
  m_IsActive: 1
--- !u!4 &6107317084922232546
Transform:
  m_ObjectHideFlags: 0
  m_CorrespondingSourceObject: {fileID: 0}
  m_PrefabInstance: {fileID: 0}
  m_PrefabAsset: {fileID: 0}
  m_GameObject: {fileID: 7707646599298944137}
  m_LocalRotation: {x: 0, y: 0, z: 0, w: 1}
  m_LocalPosition: {x: 0, y: 0, z: 0}
  m_LocalScale: {x: 1, y: 1, z: 1}
  m_Children:
  - {fileID: 6846100702508409465}
  - {fileID: 1132116799078025415}
  - {fileID: 6811485332373697103}
  - {fileID: 2444325227364948392}
  m_Father: {fileID: 0}
  m_RootOrder: 0
  m_LocalEulerAnglesHint: {x: 0, y: 0, z: 0}
--- !u!64 &3724150945807439669
MeshCollider:
  m_ObjectHideFlags: 0
  m_CorrespondingSourceObject: {fileID: 0}
  m_PrefabInstance: {fileID: 0}
  m_PrefabAsset: {fileID: 0}
  m_GameObject: {fileID: 7707646599298944137}
  m_Material: {fileID: 0}
  m_IsTrigger: 0
  m_Enabled: 1
  serializedVersion: 3
  m_Convex: 0
  m_CookingOptions: 14
  m_Mesh: {fileID: 0}
--- !u!1 &8149783911888384058
GameObject:
  m_ObjectHideFlags: 0
  m_CorrespondingSourceObject: {fileID: 0}
  m_PrefabInstance: {fileID: 0}
  m_PrefabAsset: {fileID: 0}
  serializedVersion: 6
  m_Component:
  - component: {fileID: 1586080033426033415}
  - component: {fileID: 3377290603714605864}
  - component: {fileID: 1203749202402314343}
  m_Layer: 12
  m_Name: EnemySpawnPoint (3)
  m_TagString: Untagged
  m_Icon: {fileID: 0}
  m_NavMeshLayer: 0
  m_StaticEditorFlags: 0
  m_IsActive: 1
--- !u!4 &1586080033426033415
Transform:
  m_ObjectHideFlags: 0
  m_CorrespondingSourceObject: {fileID: 0}
  m_PrefabInstance: {fileID: 0}
  m_PrefabAsset: {fileID: 0}
  m_GameObject: {fileID: 8149783911888384058}
  m_LocalRotation: {x: -0, y: -0, z: -0, w: 1}
  m_LocalPosition: {x: 5, y: 0, z: -3}
  m_LocalScale: {x: 1, y: 1, z: 1}
  m_Children: []
  m_Father: {fileID: 3735882335724416343}
  m_RootOrder: 3
  m_LocalEulerAnglesHint: {x: 0, y: 0, z: 0}
--- !u!33 &3377290603714605864
MeshFilter:
  m_ObjectHideFlags: 0
  m_CorrespondingSourceObject: {fileID: 0}
  m_PrefabInstance: {fileID: 0}
  m_PrefabAsset: {fileID: 0}
  m_GameObject: {fileID: 8149783911888384058}
  m_Mesh: {fileID: 10207, guid: 0000000000000000e000000000000000, type: 0}
--- !u!23 &1203749202402314343
MeshRenderer:
  m_ObjectHideFlags: 0
  m_CorrespondingSourceObject: {fileID: 0}
  m_PrefabInstance: {fileID: 0}
  m_PrefabAsset: {fileID: 0}
  m_GameObject: {fileID: 8149783911888384058}
  m_Enabled: 1
  m_CastShadows: 1
  m_ReceiveShadows: 1
  m_DynamicOccludee: 1
  m_MotionVectors: 1
  m_LightProbeUsage: 1
  m_ReflectionProbeUsage: 1
  m_RenderingLayerMask: 1
  m_RendererPriority: 0
  m_Materials:
  - {fileID: 2100000, guid: 949d1074739d2d243b9cde99ca38e1c9, type: 2}
  m_StaticBatchInfo:
    firstSubMesh: 0
    subMeshCount: 0
  m_StaticBatchRoot: {fileID: 0}
  m_ProbeAnchor: {fileID: 0}
  m_LightProbeVolumeOverride: {fileID: 0}
  m_ScaleInLightmap: 1
  m_PreserveUVs: 0
  m_IgnoreNormalsForChartDetection: 0
  m_ImportantGI: 0
  m_StitchLightmapSeams: 0
  m_SelectedEditorRenderState: 3
  m_MinimumChartSize: 4
  m_AutoUVMaxDistance: 0.5
  m_AutoUVMaxAngle: 89
  m_LightmapParameters: {fileID: 0}
  m_SortingLayerID: 0
  m_SortingLayer: 0
  m_SortingOrder: 0
--- !u!1 &8998799557034942380
GameObject:
  m_ObjectHideFlags: 0
  m_CorrespondingSourceObject: {fileID: 0}
  m_PrefabInstance: {fileID: 0}
  m_PrefabAsset: {fileID: 0}
  serializedVersion: 6
  m_Component:
  - component: {fileID: 6346456350054433315}
  - component: {fileID: 779105555210760533}
  - component: {fileID: 2715558315076567594}
  m_Layer: 12
  m_Name: EnemySpawnPoint (1)
  m_TagString: Untagged
  m_Icon: {fileID: 0}
  m_NavMeshLayer: 0
  m_StaticEditorFlags: 0
  m_IsActive: 1
--- !u!4 &6346456350054433315
Transform:
  m_ObjectHideFlags: 0
  m_CorrespondingSourceObject: {fileID: 0}
  m_PrefabInstance: {fileID: 0}
  m_PrefabAsset: {fileID: 0}
  m_GameObject: {fileID: 8998799557034942380}
  m_LocalRotation: {x: -0, y: -0, z: -0, w: 1}
  m_LocalPosition: {x: -5, y: 0, z: 0}
  m_LocalScale: {x: 1, y: 1, z: 1}
  m_Children: []
  m_Father: {fileID: 3735882335724416343}
  m_RootOrder: 1
  m_LocalEulerAnglesHint: {x: 0, y: 0, z: 0}
--- !u!33 &779105555210760533
MeshFilter:
  m_ObjectHideFlags: 0
  m_CorrespondingSourceObject: {fileID: 0}
  m_PrefabInstance: {fileID: 0}
  m_PrefabAsset: {fileID: 0}
  m_GameObject: {fileID: 8998799557034942380}
  m_Mesh: {fileID: 10207, guid: 0000000000000000e000000000000000, type: 0}
--- !u!23 &2715558315076567594
MeshRenderer:
  m_ObjectHideFlags: 0
  m_CorrespondingSourceObject: {fileID: 0}
  m_PrefabInstance: {fileID: 0}
  m_PrefabAsset: {fileID: 0}
  m_GameObject: {fileID: 8998799557034942380}
  m_Enabled: 1
  m_CastShadows: 1
  m_ReceiveShadows: 1
  m_DynamicOccludee: 1
  m_MotionVectors: 1
  m_LightProbeUsage: 1
  m_ReflectionProbeUsage: 1
  m_RenderingLayerMask: 1
  m_RendererPriority: 0
  m_Materials:
  - {fileID: 2100000, guid: 949d1074739d2d243b9cde99ca38e1c9, type: 2}
  m_StaticBatchInfo:
    firstSubMesh: 0
    subMeshCount: 0
  m_StaticBatchRoot: {fileID: 0}
  m_ProbeAnchor: {fileID: 0}
  m_LightProbeVolumeOverride: {fileID: 0}
  m_ScaleInLightmap: 1
  m_PreserveUVs: 0
  m_IgnoreNormalsForChartDetection: 0
  m_ImportantGI: 0
  m_StitchLightmapSeams: 0
  m_SelectedEditorRenderState: 3
  m_MinimumChartSize: 4
  m_AutoUVMaxDistance: 0.5
  m_AutoUVMaxAngle: 89
  m_LightmapParameters: {fileID: 0}
  m_SortingLayerID: 0
  m_SortingLayer: 0
  m_SortingOrder: 0
--- !u!1001 &1613429167589448635
PrefabInstance:
  m_ObjectHideFlags: 0
  serializedVersion: 2
  m_Modification:
    m_TransformParent: {fileID: 8411256091637598541}
    m_Modifications:
    - target: {fileID: 8273642600147655087, guid: 7c17bb91cc208d94b8c30d0422749c06,
        type: 3}
      propertyPath: m_LocalPosition.x
      value: 0
      objectReference: {fileID: 0}
    - target: {fileID: 8273642600147655087, guid: 7c17bb91cc208d94b8c30d0422749c06,
        type: 3}
      propertyPath: m_LocalPosition.y
      value: 0
      objectReference: {fileID: 0}
    - target: {fileID: 8273642600147655087, guid: 7c17bb91cc208d94b8c30d0422749c06,
        type: 3}
      propertyPath: m_LocalPosition.z
      value: 0
      objectReference: {fileID: 0}
    - target: {fileID: 8273642600147655087, guid: 7c17bb91cc208d94b8c30d0422749c06,
        type: 3}
      propertyPath: m_LocalRotation.x
      value: -0
      objectReference: {fileID: 0}
    - target: {fileID: 8273642600147655087, guid: 7c17bb91cc208d94b8c30d0422749c06,
        type: 3}
      propertyPath: m_LocalRotation.y
      value: 0.70710576
      objectReference: {fileID: 0}
    - target: {fileID: 8273642600147655087, guid: 7c17bb91cc208d94b8c30d0422749c06,
        type: 3}
      propertyPath: m_LocalRotation.z
      value: -0
      objectReference: {fileID: 0}
    - target: {fileID: 8273642600147655087, guid: 7c17bb91cc208d94b8c30d0422749c06,
        type: 3}
      propertyPath: m_LocalRotation.w
      value: 0.70710784
      objectReference: {fileID: 0}
    - target: {fileID: 8273642600147655087, guid: 7c17bb91cc208d94b8c30d0422749c06,
        type: 3}
      propertyPath: m_RootOrder
      value: 0
      objectReference: {fileID: 0}
    - target: {fileID: 8273642600147655087, guid: 7c17bb91cc208d94b8c30d0422749c06,
        type: 3}
      propertyPath: m_LocalEulerAnglesHint.x
      value: 0
      objectReference: {fileID: 0}
    - target: {fileID: 8273642600147655087, guid: 7c17bb91cc208d94b8c30d0422749c06,
        type: 3}
      propertyPath: m_LocalEulerAnglesHint.y
      value: 0
      objectReference: {fileID: 0}
    - target: {fileID: 8273642600147655087, guid: 7c17bb91cc208d94b8c30d0422749c06,
        type: 3}
      propertyPath: m_LocalEulerAnglesHint.z
      value: 0
      objectReference: {fileID: 0}
    - target: {fileID: 5179085714388010832, guid: 7c17bb91cc208d94b8c30d0422749c06,
        type: 3}
      propertyPath: m_Name
      value: Ps_BeamEndPoint
      objectReference: {fileID: 0}
    m_RemovedComponents: []
  m_SourcePrefab: {fileID: 100100000, guid: 7c17bb91cc208d94b8c30d0422749c06, type: 3}
--- !u!1 &5889514535014472939 stripped
GameObject:
  m_CorrespondingSourceObject: {fileID: 5179085714388010832, guid: 7c17bb91cc208d94b8c30d0422749c06,
    type: 3}
  m_PrefabInstance: {fileID: 1613429167589448635}
  m_PrefabAsset: {fileID: 0}
--- !u!4 &7256969554607948308 stripped
Transform:
  m_CorrespondingSourceObject: {fileID: 8273642600147655087, guid: 7c17bb91cc208d94b8c30d0422749c06,
    type: 3}
  m_PrefabInstance: {fileID: 1613429167589448635}
  m_PrefabAsset: {fileID: 0}
--- !u!1001 &2152485910610643464
PrefabInstance:
  m_ObjectHideFlags: 0
  serializedVersion: 2
  m_Modification:
    m_TransformParent: {fileID: 2444325227364948392}
    m_Modifications:
    - target: {fileID: 400000, guid: 7f5fbbc389f22304aa766a65614614c5, type: 3}
      propertyPath: m_LocalPosition.x
      value: 0
      objectReference: {fileID: 0}
    - target: {fileID: 400000, guid: 7f5fbbc389f22304aa766a65614614c5, type: 3}
      propertyPath: m_LocalPosition.y
      value: 0.030000027
      objectReference: {fileID: 0}
    - target: {fileID: 400000, guid: 7f5fbbc389f22304aa766a65614614c5, type: 3}
      propertyPath: m_LocalPosition.z
      value: 0
      objectReference: {fileID: 0}
    - target: {fileID: 400000, guid: 7f5fbbc389f22304aa766a65614614c5, type: 3}
      propertyPath: m_LocalRotation.x
      value: -0
      objectReference: {fileID: 0}
    - target: {fileID: 400000, guid: 7f5fbbc389f22304aa766a65614614c5, type: 3}
      propertyPath: m_LocalRotation.y
      value: 0.6767125
      objectReference: {fileID: 0}
    - target: {fileID: 400000, guid: 7f5fbbc389f22304aa766a65614614c5, type: 3}
      propertyPath: m_LocalRotation.z
      value: -0
      objectReference: {fileID: 0}
    - target: {fileID: 400000, guid: 7f5fbbc389f22304aa766a65614614c5, type: 3}
      propertyPath: m_LocalRotation.w
      value: 0.7362474
      objectReference: {fileID: 0}
    - target: {fileID: 400000, guid: 7f5fbbc389f22304aa766a65614614c5, type: 3}
      propertyPath: m_RootOrder
      value: 1
      objectReference: {fileID: 0}
    - target: {fileID: 400000, guid: 7f5fbbc389f22304aa766a65614614c5, type: 3}
      propertyPath: m_LocalEulerAnglesHint.x
      value: 0
      objectReference: {fileID: 0}
    - target: {fileID: 400000, guid: 7f5fbbc389f22304aa766a65614614c5, type: 3}
      propertyPath: m_LocalEulerAnglesHint.y
      value: 85.175
      objectReference: {fileID: 0}
    - target: {fileID: 400000, guid: 7f5fbbc389f22304aa766a65614614c5, type: 3}
      propertyPath: m_LocalEulerAnglesHint.z
      value: 0
      objectReference: {fileID: 0}
    - target: {fileID: 400000, guid: 7f5fbbc389f22304aa766a65614614c5, type: 3}
      propertyPath: m_LocalScale.x
      value: 1.0719427
      objectReference: {fileID: 0}
    - target: {fileID: 400000, guid: 7f5fbbc389f22304aa766a65614614c5, type: 3}
      propertyPath: m_LocalScale.y
      value: 1.0719427
      objectReference: {fileID: 0}
    - target: {fileID: 400000, guid: 7f5fbbc389f22304aa766a65614614c5, type: 3}
      propertyPath: m_LocalScale.z
      value: 1.0719427
      objectReference: {fileID: 0}
    - target: {fileID: 100000, guid: 7f5fbbc389f22304aa766a65614614c5, type: 3}
      propertyPath: m_Name
      value: m_platform (1)
      objectReference: {fileID: 0}
    - target: {fileID: 2300000, guid: 7f5fbbc389f22304aa766a65614614c5, type: 3}
      propertyPath: m_Materials.Array.data[1]
      value: 
      objectReference: {fileID: 2100000, guid: 68fa0e4aa758a7b42ba6710cec7a524f, type: 2}
    m_RemovedComponents: []
  m_SourcePrefab: {fileID: 100100000, guid: 7f5fbbc389f22304aa766a65614614c5, type: 3}
--- !u!1 &2152485910610611368 stripped
GameObject:
  m_CorrespondingSourceObject: {fileID: 100000, guid: 7f5fbbc389f22304aa766a65614614c5,
    type: 3}
  m_PrefabInstance: {fileID: 2152485910610643464}
  m_PrefabAsset: {fileID: 0}
--- !u!4 &2152485910610776200 stripped
Transform:
  m_CorrespondingSourceObject: {fileID: 400000, guid: 7f5fbbc389f22304aa766a65614614c5,
    type: 3}
  m_PrefabInstance: {fileID: 2152485910610643464}
  m_PrefabAsset: {fileID: 0}
--- !u!1001 &6192434049305429021
PrefabInstance:
  m_ObjectHideFlags: 0
  serializedVersion: 2
  m_Modification:
    m_TransformParent: {fileID: 1979582761723232296}
    m_Modifications:
    - target: {fileID: 2979594793578129364, guid: 4ef3a512cf06fee4b965406c4b774aaa,
        type: 3}
      propertyPath: m_LocalPosition.x
      value: 5.02
      objectReference: {fileID: 0}
    - target: {fileID: 2979594793578129364, guid: 4ef3a512cf06fee4b965406c4b774aaa,
        type: 3}
      propertyPath: m_LocalPosition.y
      value: 0.22899842
      objectReference: {fileID: 0}
    - target: {fileID: 2979594793578129364, guid: 4ef3a512cf06fee4b965406c4b774aaa,
        type: 3}
      propertyPath: m_LocalPosition.z
      value: -5
      objectReference: {fileID: 0}
    - target: {fileID: 2979594793578129364, guid: 4ef3a512cf06fee4b965406c4b774aaa,
        type: 3}
      propertyPath: m_LocalRotation.x
      value: 0
      objectReference: {fileID: 0}
    - target: {fileID: 2979594793578129364, guid: 4ef3a512cf06fee4b965406c4b774aaa,
        type: 3}
      propertyPath: m_LocalRotation.y
      value: 0
      objectReference: {fileID: 0}
    - target: {fileID: 2979594793578129364, guid: 4ef3a512cf06fee4b965406c4b774aaa,
        type: 3}
      propertyPath: m_LocalRotation.z
      value: 0
      objectReference: {fileID: 0}
    - target: {fileID: 2979594793578129364, guid: 4ef3a512cf06fee4b965406c4b774aaa,
        type: 3}
      propertyPath: m_LocalRotation.w
      value: 1
      objectReference: {fileID: 0}
    - target: {fileID: 2979594793578129364, guid: 4ef3a512cf06fee4b965406c4b774aaa,
        type: 3}
      propertyPath: m_RootOrder
      value: 1
      objectReference: {fileID: 0}
    - target: {fileID: 2979594793578129364, guid: 4ef3a512cf06fee4b965406c4b774aaa,
        type: 3}
      propertyPath: m_LocalEulerAnglesHint.x
      value: 0
      objectReference: {fileID: 0}
    - target: {fileID: 2979594793578129364, guid: 4ef3a512cf06fee4b965406c4b774aaa,
        type: 3}
      propertyPath: m_LocalEulerAnglesHint.y
      value: 0
      objectReference: {fileID: 0}
    - target: {fileID: 2979594793578129364, guid: 4ef3a512cf06fee4b965406c4b774aaa,
        type: 3}
      propertyPath: m_LocalEulerAnglesHint.z
      value: 0
      objectReference: {fileID: 0}
    - target: {fileID: 2979594793578129360, guid: 4ef3a512cf06fee4b965406c4b774aaa,
        type: 3}
      propertyPath: m_Name
      value: TurretEnemy (2)
      objectReference: {fileID: 0}
    m_RemovedComponents: []
  m_SourcePrefab: {fileID: 100100000, guid: 4ef3a512cf06fee4b965406c4b774aaa, type: 3}
--- !u!4 &8986462847260271561 stripped
Transform:
  m_CorrespondingSourceObject: {fileID: 2979594793578129364, guid: 4ef3a512cf06fee4b965406c4b774aaa,
    type: 3}
  m_PrefabInstance: {fileID: 6192434049305429021}
  m_PrefabAsset: {fileID: 0}
--- !u!1001 &7312301639013917024
PrefabInstance:
  m_ObjectHideFlags: 0
  serializedVersion: 2
  m_Modification:
    m_TransformParent: {fileID: 6811485332373697103}
    m_Modifications:
    - target: {fileID: 2584510282627542601, guid: b13c5607d7b255c44bf9c9af3e0c377d,
        type: 3}
      propertyPath: m_LocalPosition.x
      value: 0
      objectReference: {fileID: 0}
    - target: {fileID: 2584510282627542601, guid: b13c5607d7b255c44bf9c9af3e0c377d,
        type: 3}
      propertyPath: m_LocalPosition.y
      value: 0
      objectReference: {fileID: 0}
    - target: {fileID: 2584510282627542601, guid: b13c5607d7b255c44bf9c9af3e0c377d,
        type: 3}
      propertyPath: m_LocalPosition.z
      value: 0
      objectReference: {fileID: 0}
    - target: {fileID: 2584510282627542601, guid: b13c5607d7b255c44bf9c9af3e0c377d,
        type: 3}
      propertyPath: m_LocalRotation.x
      value: 0
      objectReference: {fileID: 0}
    - target: {fileID: 2584510282627542601, guid: b13c5607d7b255c44bf9c9af3e0c377d,
        type: 3}
      propertyPath: m_LocalRotation.y
      value: 0
      objectReference: {fileID: 0}
    - target: {fileID: 2584510282627542601, guid: b13c5607d7b255c44bf9c9af3e0c377d,
        type: 3}
      propertyPath: m_LocalRotation.z
      value: 0
      objectReference: {fileID: 0}
    - target: {fileID: 2584510282627542601, guid: b13c5607d7b255c44bf9c9af3e0c377d,
        type: 3}
      propertyPath: m_LocalRotation.w
      value: 1
      objectReference: {fileID: 0}
    - target: {fileID: 2584510282627542601, guid: b13c5607d7b255c44bf9c9af3e0c377d,
        type: 3}
      propertyPath: m_RootOrder
      value: 0
      objectReference: {fileID: 0}
    - target: {fileID: 2584510282627542601, guid: b13c5607d7b255c44bf9c9af3e0c377d,
        type: 3}
      propertyPath: m_LocalEulerAnglesHint.x
      value: 0
      objectReference: {fileID: 0}
    - target: {fileID: 2584510282627542601, guid: b13c5607d7b255c44bf9c9af3e0c377d,
        type: 3}
      propertyPath: m_LocalEulerAnglesHint.y
      value: 0
      objectReference: {fileID: 0}
    - target: {fileID: 2584510282627542601, guid: b13c5607d7b255c44bf9c9af3e0c377d,
        type: 3}
      propertyPath: m_LocalEulerAnglesHint.z
      value: 0
      objectReference: {fileID: 0}
    - target: {fileID: 9136882867548347529, guid: b13c5607d7b255c44bf9c9af3e0c377d,
        type: 3}
      propertyPath: m_Name
      value: FullPieceMaster
      objectReference: {fileID: 0}
    - target: {fileID: 4786760335556113668, guid: b13c5607d7b255c44bf9c9af3e0c377d,
        type: 3}
      propertyPath: m_Materials.Array.data[1]
      value: 
      objectReference: {fileID: 2100000, guid: ff0123fbdb1afeb41ba27e15fc427613, type: 2}
    - target: {fileID: 4786760335556113668, guid: b13c5607d7b255c44bf9c9af3e0c377d,
        type: 3}
      propertyPath: m_Materials.Array.data[3]
      value: 
      objectReference: {fileID: 2100000, guid: d9e93c289e0a11e4ba1694aa1ab90597, type: 2}
    - target: {fileID: 4786760335556113668, guid: b13c5607d7b255c44bf9c9af3e0c377d,
        type: 3}
      propertyPath: m_Materials.Array.data[2]
      value: 
      objectReference: {fileID: 2100000, guid: 2fad42ce1bd0d504c9b190424a5a631b, type: 2}
    - target: {fileID: 4786760335556113668, guid: b13c5607d7b255c44bf9c9af3e0c377d,
        type: 3}
      propertyPath: m_Materials.Array.data[0]
      value: 
      objectReference: {fileID: 2100000, guid: 4f96bd97259c51946a928ec7fba041e1, type: 2}
    - target: {fileID: 8634272674532357983, guid: b13c5607d7b255c44bf9c9af3e0c377d,
        type: 3}
      propertyPath: m_Material
      value: 
      objectReference: {fileID: 13400000, guid: 5a50ea9ee0c12db41abc3242c72611d0,
        type: 2}
    - target: {fileID: 2699415929200322509, guid: b13c5607d7b255c44bf9c9af3e0c377d,
        type: 3}
      propertyPath: m_Materials.Array.data[3]
      value: 
      objectReference: {fileID: 2100000, guid: ff0123fbdb1afeb41ba27e15fc427613, type: 2}
    m_RemovedComponents: []
  m_SourcePrefab: {fileID: 100100000, guid: b13c5607d7b255c44bf9c9af3e0c377d, type: 3}
--- !u!4 &5090340751413710633 stripped
Transform:
  m_CorrespondingSourceObject: {fileID: 2584510282627542601, guid: b13c5607d7b255c44bf9c9af3e0c377d,
    type: 3}
  m_PrefabInstance: {fileID: 7312301639013917024}
  m_PrefabAsset: {fileID: 0}
--- !u!1 &2816859389578480292 stripped
GameObject:
  m_CorrespondingSourceObject: {fileID: 4786760335558372292, guid: b13c5607d7b255c44bf9c9af3e0c377d,
    type: 3}
  m_PrefabInstance: {fileID: 7312301639013917024}
  m_PrefabAsset: {fileID: 0}
--- !u!1001 &7851044742756942592
PrefabInstance:
  m_ObjectHideFlags: 0
  serializedVersion: 2
  m_Modification:
    m_TransformParent: {fileID: 1979582761723232296}
    m_Modifications:
    - target: {fileID: 2979594793578129364, guid: 4ef3a512cf06fee4b965406c4b774aaa,
        type: 3}
      propertyPath: m_LocalPosition.x
      value: 5.02
      objectReference: {fileID: 0}
    - target: {fileID: 2979594793578129364, guid: 4ef3a512cf06fee4b965406c4b774aaa,
        type: 3}
      propertyPath: m_LocalPosition.y
      value: 0.229
      objectReference: {fileID: 0}
    - target: {fileID: 2979594793578129364, guid: 4ef3a512cf06fee4b965406c4b774aaa,
        type: 3}
      propertyPath: m_LocalPosition.z
      value: 5
      objectReference: {fileID: 0}
    - target: {fileID: 2979594793578129364, guid: 4ef3a512cf06fee4b965406c4b774aaa,
        type: 3}
      propertyPath: m_LocalRotation.x
      value: -0
      objectReference: {fileID: 0}
    - target: {fileID: 2979594793578129364, guid: 4ef3a512cf06fee4b965406c4b774aaa,
        type: 3}
      propertyPath: m_LocalRotation.y
      value: -0
      objectReference: {fileID: 0}
    - target: {fileID: 2979594793578129364, guid: 4ef3a512cf06fee4b965406c4b774aaa,
        type: 3}
      propertyPath: m_LocalRotation.z
      value: -0
      objectReference: {fileID: 0}
    - target: {fileID: 2979594793578129364, guid: 4ef3a512cf06fee4b965406c4b774aaa,
        type: 3}
      propertyPath: m_LocalRotation.w
      value: 1
      objectReference: {fileID: 0}
    - target: {fileID: 2979594793578129364, guid: 4ef3a512cf06fee4b965406c4b774aaa,
        type: 3}
      propertyPath: m_RootOrder
      value: 0
      objectReference: {fileID: 0}
    - target: {fileID: 2979594793578129364, guid: 4ef3a512cf06fee4b965406c4b774aaa,
        type: 3}
      propertyPath: m_LocalEulerAnglesHint.x
      value: 0
      objectReference: {fileID: 0}
    - target: {fileID: 2979594793578129364, guid: 4ef3a512cf06fee4b965406c4b774aaa,
        type: 3}
      propertyPath: m_LocalEulerAnglesHint.y
      value: 0
      objectReference: {fileID: 0}
    - target: {fileID: 2979594793578129364, guid: 4ef3a512cf06fee4b965406c4b774aaa,
        type: 3}
      propertyPath: m_LocalEulerAnglesHint.z
      value: 0
      objectReference: {fileID: 0}
    - target: {fileID: 2979594793578129360, guid: 4ef3a512cf06fee4b965406c4b774aaa,
        type: 3}
      propertyPath: m_Name
      value: TurretEnemy (2)
      objectReference: {fileID: 0}
    m_RemovedComponents: []
  m_SourcePrefab: {fileID: 100100000, guid: 4ef3a512cf06fee4b965406c4b774aaa, type: 3}
--- !u!4 &5020711170045781204 stripped
Transform:
  m_CorrespondingSourceObject: {fileID: 2979594793578129364, guid: 4ef3a512cf06fee4b965406c4b774aaa,
    type: 3}
  m_PrefabInstance: {fileID: 7851044742756942592}
  m_PrefabAsset: {fileID: 0}
--- !u!1001 &8997130175150492720
PrefabInstance:
  m_ObjectHideFlags: 0
  serializedVersion: 2
  m_Modification:
    m_TransformParent: {fileID: 6107317084922232546}
    m_Modifications:
    - target: {fileID: 2584510282627542601, guid: 64c1c63f20e822b4cab28701eab03ba6,
        type: 3}
      propertyPath: m_LocalPosition.x
      value: 0
      objectReference: {fileID: 0}
    - target: {fileID: 2584510282627542601, guid: 64c1c63f20e822b4cab28701eab03ba6,
        type: 3}
      propertyPath: m_LocalPosition.y
      value: 0
      objectReference: {fileID: 0}
    - target: {fileID: 2584510282627542601, guid: 64c1c63f20e822b4cab28701eab03ba6,
        type: 3}
      propertyPath: m_LocalPosition.z
      value: 0
      objectReference: {fileID: 0}
    - target: {fileID: 2584510282627542601, guid: 64c1c63f20e822b4cab28701eab03ba6,
        type: 3}
      propertyPath: m_LocalRotation.x
      value: -0
      objectReference: {fileID: 0}
    - target: {fileID: 2584510282627542601, guid: 64c1c63f20e822b4cab28701eab03ba6,
        type: 3}
      propertyPath: m_LocalRotation.y
      value: 0.70710677
      objectReference: {fileID: 0}
    - target: {fileID: 2584510282627542601, guid: 64c1c63f20e822b4cab28701eab03ba6,
        type: 3}
      propertyPath: m_LocalRotation.z
      value: -0
      objectReference: {fileID: 0}
    - target: {fileID: 2584510282627542601, guid: 64c1c63f20e822b4cab28701eab03ba6,
        type: 3}
      propertyPath: m_LocalRotation.w
      value: 0.7071068
      objectReference: {fileID: 0}
    - target: {fileID: 2584510282627542601, guid: 64c1c63f20e822b4cab28701eab03ba6,
        type: 3}
      propertyPath: m_RootOrder
      value: 0
      objectReference: {fileID: 0}
    - target: {fileID: 2584510282627542601, guid: 64c1c63f20e822b4cab28701eab03ba6,
        type: 3}
      propertyPath: m_LocalEulerAnglesHint.x
      value: 0
      objectReference: {fileID: 0}
    - target: {fileID: 2584510282627542601, guid: 64c1c63f20e822b4cab28701eab03ba6,
        type: 3}
      propertyPath: m_LocalEulerAnglesHint.y
      value: 90.00001
      objectReference: {fileID: 0}
    - target: {fileID: 2584510282627542601, guid: 64c1c63f20e822b4cab28701eab03ba6,
        type: 3}
      propertyPath: m_LocalEulerAnglesHint.z
      value: 0
      objectReference: {fileID: 0}
    - target: {fileID: 9136882867548347529, guid: 64c1c63f20e822b4cab28701eab03ba6,
        type: 3}
      propertyPath: m_Name
      value: BigBridgePieceMaster
      objectReference: {fileID: 0}
    - target: {fileID: 4297632008475359395, guid: 64c1c63f20e822b4cab28701eab03ba6,
        type: 3}
      propertyPath: m_Materials.Array.data[0]
      value: 
      objectReference: {fileID: 2100000, guid: 2fad42ce1bd0d504c9b190424a5a631b, type: 2}
    - target: {fileID: 4297632008475359405, guid: 64c1c63f20e822b4cab28701eab03ba6,
        type: 3}
      propertyPath: m_Materials.Array.data[0]
      value: 
      objectReference: {fileID: 2100000, guid: ff0123fbdb1afeb41ba27e15fc427613, type: 2}
    - target: {fileID: 4297632008475359399, guid: 64c1c63f20e822b4cab28701eab03ba6,
        type: 3}
      propertyPath: m_Materials.Array.data[1]
      value: 
      objectReference: {fileID: 2100000, guid: 2fad42ce1bd0d504c9b190424a5a631b, type: 2}
    - target: {fileID: 4297632008475359399, guid: 64c1c63f20e822b4cab28701eab03ba6,
        type: 3}
      propertyPath: m_Materials.Array.data[0]
      value: 
      objectReference: {fileID: 2100000, guid: 4f96bd97259c51946a928ec7fba041e1, type: 2}
    - target: {fileID: 4297632008475359399, guid: 64c1c63f20e822b4cab28701eab03ba6,
        type: 3}
      propertyPath: m_Materials.Array.data[2]
      value: 
      objectReference: {fileID: 2100000, guid: 053b2d12794046444b29ef2788b85c2f, type: 2}
    - target: {fileID: 4297632008475359393, guid: 64c1c63f20e822b4cab28701eab03ba6,
        type: 3}
      propertyPath: m_Materials.Array.data[0]
      value: 
      objectReference: {fileID: 2100000, guid: 2fad42ce1bd0d504c9b190424a5a631b, type: 2}
    - target: {fileID: 4297632008475359403, guid: 64c1c63f20e822b4cab28701eab03ba6,
        type: 3}
      propertyPath: m_Materials.Array.data[0]
      value: 
      objectReference: {fileID: 2100000, guid: ff0123fbdb1afeb41ba27e15fc427613, type: 2}
    - target: {fileID: 4297632008475359407, guid: 64c1c63f20e822b4cab28701eab03ba6,
        type: 3}
      propertyPath: m_Materials.Array.data[1]
      value: 
      objectReference: {fileID: 2100000, guid: ff0123fbdb1afeb41ba27e15fc427613, type: 2}
    - target: {fileID: 4297632008475359407, guid: 64c1c63f20e822b4cab28701eab03ba6,
        type: 3}
      propertyPath: m_Materials.Array.data[2]
      value: 
      objectReference: {fileID: 2100000, guid: 2fad42ce1bd0d504c9b190424a5a631b, type: 2}
    - target: {fileID: 4297632008475359407, guid: 64c1c63f20e822b4cab28701eab03ba6,
        type: 3}
      propertyPath: m_Materials.Array.data[3]
      value: 
      objectReference: {fileID: 2100000, guid: 053b2d12794046444b29ef2788b85c2f, type: 2}
    - target: {fileID: 4297632008475359407, guid: 64c1c63f20e822b4cab28701eab03ba6,
        type: 3}
      propertyPath: m_Materials.Array.data[0]
      value: 
      objectReference: {fileID: 2100000, guid: 4f96bd97259c51946a928ec7fba041e1, type: 2}
    - target: {fileID: 4297632008475359401, guid: 64c1c63f20e822b4cab28701eab03ba6,
        type: 3}
      propertyPath: m_Materials.Array.data[1]
      value: 
      objectReference: {fileID: 2100000, guid: ff0123fbdb1afeb41ba27e15fc427613, type: 2}
    - target: {fileID: 4297632008475359401, guid: 64c1c63f20e822b4cab28701eab03ba6,
        type: 3}
      propertyPath: m_Materials.Array.data[2]
      value: 
      objectReference: {fileID: 2100000, guid: 2fad42ce1bd0d504c9b190424a5a631b, type: 2}
    - target: {fileID: 4297632008475359401, guid: 64c1c63f20e822b4cab28701eab03ba6,
        type: 3}
      propertyPath: m_Materials.Array.data[3]
      value: 
      objectReference: {fileID: 2100000, guid: 053b2d12794046444b29ef2788b85c2f, type: 2}
    - target: {fileID: 4297632008475359401, guid: 64c1c63f20e822b4cab28701eab03ba6,
        type: 3}
      propertyPath: m_Materials.Array.data[0]
      value: 
      objectReference: {fileID: 2100000, guid: 4f96bd97259c51946a928ec7fba041e1, type: 2}
    - target: {fileID: 4297632008475359419, guid: 64c1c63f20e822b4cab28701eab03ba6,
        type: 3}
      propertyPath: m_Materials.Array.data[0]
      value: 
      objectReference: {fileID: 2100000, guid: 2fad42ce1bd0d504c9b190424a5a631b, type: 2}
    - target: {fileID: 4297632008475359419, guid: 64c1c63f20e822b4cab28701eab03ba6,
        type: 3}
      propertyPath: m_Materials.Array.data[1]
      value: 
      objectReference: {fileID: 2100000, guid: 2fad42ce1bd0d504c9b190424a5a631b, type: 2}
    - target: {fileID: 4297632008475359419, guid: 64c1c63f20e822b4cab28701eab03ba6,
        type: 3}
      propertyPath: m_Materials.Array.data[2]
      value: 
      objectReference: {fileID: 2100000, guid: 053b2d12794046444b29ef2788b85c2f, type: 2}
    - target: {fileID: 4297632008475359397, guid: 64c1c63f20e822b4cab28701eab03ba6,
        type: 3}
      propertyPath: m_Materials.Array.data[0]
      value: 
      objectReference: {fileID: 2100000, guid: 2fad42ce1bd0d504c9b190424a5a631b, type: 2}
    - target: {fileID: 4297632008475359397, guid: 64c1c63f20e822b4cab28701eab03ba6,
        type: 3}
      propertyPath: m_Materials.Array.data[1]
      value: 
      objectReference: {fileID: 2100000, guid: 2fad42ce1bd0d504c9b190424a5a631b, type: 2}
    - target: {fileID: 4297632008475359397, guid: 64c1c63f20e822b4cab28701eab03ba6,
        type: 3}
      propertyPath: m_Materials.Array.data[2]
      value: 
      objectReference: {fileID: 2100000, guid: 053b2d12794046444b29ef2788b85c2f, type: 2}
    - target: {fileID: 4297632008475359423, guid: 64c1c63f20e822b4cab28701eab03ba6,
        type: 3}
      propertyPath: m_Materials.Array.data[1]
      value: 
      objectReference: {fileID: 2100000, guid: 053b2d12794046444b29ef2788b85c2f, type: 2}
    - target: {fileID: 4297632008475359423, guid: 64c1c63f20e822b4cab28701eab03ba6,
        type: 3}
      propertyPath: m_Materials.Array.data[0]
      value: 
      objectReference: {fileID: 2100000, guid: 4f96bd97259c51946a928ec7fba041e1, type: 2}
    - target: {fileID: 4297632008475359423, guid: 64c1c63f20e822b4cab28701eab03ba6,
        type: 3}
      propertyPath: m_Materials.Array.data[2]
      value: 
      objectReference: {fileID: 2100000, guid: 4f96bd97259c51946a928ec7fba041e1, type: 2}
    - target: {fileID: 4297632008475359417, guid: 64c1c63f20e822b4cab28701eab03ba6,
        type: 3}
      propertyPath: m_Materials.Array.data[0]
      value: 
      objectReference: {fileID: 2100000, guid: ff0123fbdb1afeb41ba27e15fc427613, type: 2}
    - target: {fileID: 4297632008475359417, guid: 64c1c63f20e822b4cab28701eab03ba6,
        type: 3}
      propertyPath: m_Materials.Array.data[1]
      value: 
      objectReference: {fileID: 2100000, guid: 2fad42ce1bd0d504c9b190424a5a631b, type: 2}
    - target: {fileID: 4297632008475359417, guid: 64c1c63f20e822b4cab28701eab03ba6,
        type: 3}
      propertyPath: m_Materials.Array.data[2]
      value: 
      objectReference: {fileID: 2100000, guid: 053b2d12794046444b29ef2788b85c2f, type: 2}
    - target: {fileID: 7501754545545723103, guid: 64c1c63f20e822b4cab28701eab03ba6,
        type: 3}
      propertyPath: m_Material
      value: 
      objectReference: {fileID: 13400000, guid: 5a50ea9ee0c12db41abc3242c72611d0,
        type: 2}
    - target: {fileID: 4963324137937638404, guid: 64c1c63f20e822b4cab28701eab03ba6,
        type: 3}
      propertyPath: m_Material
      value: 
      objectReference: {fileID: 13400000, guid: 5a50ea9ee0c12db41abc3242c72611d0,
        type: 2}
    - target: {fileID: 1255153537608077411, guid: 64c1c63f20e822b4cab28701eab03ba6,
        type: 3}
      propertyPath: m_Material
      value: 
      objectReference: {fileID: 13400000, guid: 5a50ea9ee0c12db41abc3242c72611d0,
        type: 2}
    - target: {fileID: 3464174828873383837, guid: 64c1c63f20e822b4cab28701eab03ba6,
        type: 3}
      propertyPath: m_Materials.Array.data[1]
      value: 
      objectReference: {fileID: 2100000, guid: d9e93c289e0a11e4ba1694aa1ab90597, type: 2}
    - target: {fileID: 3464174828873383839, guid: 64c1c63f20e822b4cab28701eab03ba6,
        type: 3}
      propertyPath: m_Materials.Array.data[1]
      value: 
      objectReference: {fileID: 2100000, guid: d9e93c289e0a11e4ba1694aa1ab90597, type: 2}
    - target: {fileID: 3464174828873383821, guid: 64c1c63f20e822b4cab28701eab03ba6,
        type: 3}
      propertyPath: m_Materials.Array.data[3]
      value: 
      objectReference: {fileID: 2100000, guid: d9e93c289e0a11e4ba1694aa1ab90597, type: 2}
    - target: {fileID: 3464174828873383817, guid: 64c1c63f20e822b4cab28701eab03ba6,
        type: 3}
      propertyPath: m_Materials.Array.data[1]
      value: 
      objectReference: {fileID: 2100000, guid: d9e93c289e0a11e4ba1694aa1ab90597, type: 2}
    - target: {fileID: 3464174828873383823, guid: 64c1c63f20e822b4cab28701eab03ba6,
        type: 3}
      propertyPath: m_Materials.Array.data[3]
      value: 
      objectReference: {fileID: 2100000, guid: d9e93c289e0a11e4ba1694aa1ab90597, type: 2}
    - target: {fileID: 3464174828873383809, guid: 64c1c63f20e822b4cab28701eab03ba6,
        type: 3}
      propertyPath: m_Materials.Array.data[1]
      value: 
      objectReference: {fileID: 2100000, guid: d9e93c289e0a11e4ba1694aa1ab90597, type: 2}
    - target: {fileID: 3464174828873383779, guid: 64c1c63f20e822b4cab28701eab03ba6,
        type: 3}
      propertyPath: m_Materials.Array.data[1]
      value: 
      objectReference: {fileID: 2100000, guid: d9e93c289e0a11e4ba1694aa1ab90597, type: 2}
    m_RemovedComponents: []
  m_SourcePrefab: {fileID: 100100000, guid: 64c1c63f20e822b4cab28701eab03ba6, type: 3}
--- !u!1 &5534645347192761725 stripped
GameObject:
  m_CorrespondingSourceObject: {fileID: 3464174828875571533, guid: 64c1c63f20e822b4cab28701eab03ba6,
    type: 3}
  m_PrefabInstance: {fileID: 8997130175150492720}
  m_PrefabAsset: {fileID: 0}
--- !u!1 &5534645347192761723 stripped
GameObject:
  m_CorrespondingSourceObject: {fileID: 3464174828875571531, guid: 64c1c63f20e822b4cab28701eab03ba6,
    type: 3}
  m_PrefabInstance: {fileID: 8997130175150492720}
  m_PrefabAsset: {fileID: 0}
--- !u!1 &5534645347192761615 stripped
GameObject:
  m_CorrespondingSourceObject: {fileID: 3464174828875571519, guid: 64c1c63f20e822b4cab28701eab03ba6,
    type: 3}
  m_PrefabInstance: {fileID: 8997130175150492720}
  m_PrefabAsset: {fileID: 0}
--- !u!4 &6846100702508409465 stripped
Transform:
  m_CorrespondingSourceObject: {fileID: 2584510282627542601, guid: 64c1c63f20e822b4cab28701eab03ba6,
    type: 3}
  m_PrefabInstance: {fileID: 8997130175150492720}
  m_PrefabAsset: {fileID: 0}
