%YAML 1.1
%TAG !u! tag:unity3d.com,2011:
--- !u!1 &7105633270726256632
GameObject:
  m_ObjectHideFlags: 0
  m_CorrespondingSourceObject: {fileID: 0}
  m_PrefabInstance: {fileID: 0}
  m_PrefabAsset: {fileID: 0}
  serializedVersion: 6
  m_Component:
  - component: {fileID: 1976489271182468757}
  - component: {fileID: 3427589525867198126}
  - component: {fileID: 691042661442099187}
  - component: {fileID: 685794265417217771}
  m_Layer: 0
  m_Name: FireChip
  m_TagString: Untagged
  m_Icon: {fileID: 6519382022992737161, guid: 0000000000000000d000000000000000, type: 0}
  m_NavMeshLayer: 0
  m_StaticEditorFlags: 0
  m_IsActive: 1
--- !u!4 &1976489271182468757
Transform:
  m_ObjectHideFlags: 0
  m_CorrespondingSourceObject: {fileID: 0}
  m_PrefabInstance: {fileID: 0}
  m_PrefabAsset: {fileID: 0}
  m_GameObject: {fileID: 7105633270726256632}
  m_LocalRotation: {x: 0, y: 0, z: 0, w: 1}
  m_LocalPosition: {x: 10.549767, y: 1.5098742e-16, z: -14.79987}
  m_LocalScale: {x: 1, y: 1, z: 1}
  m_Children:
  - {fileID: 7235417579950955045}
  m_Father: {fileID: 0}
  m_RootOrder: 0
  m_LocalEulerAnglesHint: {x: 0, y: 0, z: 0}
--- !u!135 &3427589525867198126
SphereCollider:
  m_ObjectHideFlags: 0
  m_CorrespondingSourceObject: {fileID: 0}
  m_PrefabInstance: {fileID: 0}
  m_PrefabAsset: {fileID: 0}
  m_GameObject: {fileID: 7105633270726256632}
  m_Material: {fileID: 0}
  m_IsTrigger: 1
  m_Enabled: 1
  serializedVersion: 2
  m_Radius: 0.5
  m_Center: {x: 0, y: 0, z: 0}
--- !u!114 &691042661442099187
MonoBehaviour:
  m_ObjectHideFlags: 0
  m_CorrespondingSourceObject: {fileID: 0}
  m_PrefabInstance: {fileID: 0}
  m_PrefabAsset: {fileID: 0}
  m_GameObject: {fileID: 7105633270726256632}
  m_Enabled: 1
  m_EditorHideFlags: 0
  m_Script: {fileID: 11500000, guid: 6dd1fa7d427bdc244a2dfcd8d9070d86, type: 3}
  m_Name: 
  m_EditorClassIdentifier: 
  displayMode: 1
  rotationSpeed: 42
--- !u!114 &685794265417217771
MonoBehaviour:
  m_ObjectHideFlags: 0
  m_CorrespondingSourceObject: {fileID: 0}
  m_PrefabInstance: {fileID: 0}
  m_PrefabAsset: {fileID: 0}
  m_GameObject: {fileID: 7105633270726256632}
  m_Enabled: 1
  m_EditorHideFlags: 0
  m_Script: {fileID: 11500000, guid: 5524846791cdf5d41b23004be2b615ac, type: 3}
  m_Name: 
  m_EditorClassIdentifier: 
  type: 4
  layerMask:
    serializedVersion: 2
    m_Bits: 2048
  description: 
  movementScript: {fileID: 0}
  soundSwitch: fire
  kickStunTimeBonus: 0
  contactStunTime: 0
  hoverSpeedMult: 0
  stunKickWindupMod: 0
  dashSpeedMult: 0
  attackDamageMult: 0
  dashDamageMult: 0
  kickDamageMult: 0
  hoverEnergyMod: 0
  dashEnergyMod: 0
  kickEnergyMod: 0
  burnTimeSeconds: 0
  burnDamage: 0
  burnTickSeconds: 0
  burnImmediateDamage: 0
  firePoolRadius: 0
  pushForce: 0
  slowPercent: 0
  slowDurationHover: 0
  slowDurationKick: 0
  icePoolRadius: 0
  isPickedUp: 0
  currentHoverPool: {fileID: 0}
  currentDashBox: {fileID: 0}
  groundPool: {fileID: 0}
  firePool: {fileID: 2591290640936667871, guid: 86ecfed0798152b4393b1796d1c6d9a4,
    type: 3}
  fireDrop: {fileID: 2591290640936667871, guid: 86ecfed0798152b4393b1796d1c6d9a4,
    type: 3}
  fireBox: {fileID: 829638941092440965, guid: 72bc5c96c89297b47863dab3a50037d1, type: 3}
--- !u!1001 &7235417579950555301
PrefabInstance:
  m_ObjectHideFlags: 0
  serializedVersion: 2
  m_Modification:
    m_TransformParent: {fileID: 1976489271182468757}
    m_Modifications:
    - target: {fileID: 100000, guid: 71d4f9c7189785747b5b98aaba0cfb4c, type: 3}
      propertyPath: m_Name
      value: prop_chip_00
      objectReference: {fileID: 0}
    - target: {fileID: 400000, guid: 71d4f9c7189785747b5b98aaba0cfb4c, type: 3}
      propertyPath: m_LocalPosition.x
      value: -0.072
      objectReference: {fileID: 0}
    - target: {fileID: 400000, guid: 71d4f9c7189785747b5b98aaba0cfb4c, type: 3}
      propertyPath: m_LocalPosition.y
      value: 1.135
      objectReference: {fileID: 0}
    - target: {fileID: 400000, guid: 71d4f9c7189785747b5b98aaba0cfb4c, type: 3}
      propertyPath: m_LocalPosition.z
      value: -0.01840968
      objectReference: {fileID: 0}
    - target: {fileID: 400000, guid: 71d4f9c7189785747b5b98aaba0cfb4c, type: 3}
      propertyPath: m_LocalRotation.x
      value: 0
      objectReference: {fileID: 0}
    - target: {fileID: 400000, guid: 71d4f9c7189785747b5b98aaba0cfb4c, type: 3}
      propertyPath: m_LocalRotation.y
      value: 0
      objectReference: {fileID: 0}
    - target: {fileID: 400000, guid: 71d4f9c7189785747b5b98aaba0cfb4c, type: 3}
      propertyPath: m_LocalRotation.z
      value: 0.9816272
      objectReference: {fileID: 0}
    - target: {fileID: 400000, guid: 71d4f9c7189785747b5b98aaba0cfb4c, type: 3}
      propertyPath: m_LocalRotation.w
      value: 0.1908091
      objectReference: {fileID: 0}
    - target: {fileID: 400000, guid: 71d4f9c7189785747b5b98aaba0cfb4c, type: 3}
      propertyPath: m_RootOrder
      value: 0
      objectReference: {fileID: 0}
    - target: {fileID: 400000, guid: 71d4f9c7189785747b5b98aaba0cfb4c, type: 3}
      propertyPath: m_LocalEulerAnglesHint.x
      value: 0
      objectReference: {fileID: 0}
    - target: {fileID: 400000, guid: 71d4f9c7189785747b5b98aaba0cfb4c, type: 3}
      propertyPath: m_LocalEulerAnglesHint.y
      value: 0
      objectReference: {fileID: 0}
    - target: {fileID: 400000, guid: 71d4f9c7189785747b5b98aaba0cfb4c, type: 3}
      propertyPath: m_LocalEulerAnglesHint.z
      value: 158
      objectReference: {fileID: 0}
    - target: {fileID: 400000, guid: 71d4f9c7189785747b5b98aaba0cfb4c, type: 3}
      propertyPath: m_LocalScale.x
      value: 3
      objectReference: {fileID: 0}
    - target: {fileID: 400000, guid: 71d4f9c7189785747b5b98aaba0cfb4c, type: 3}
      propertyPath: m_LocalScale.y
      value: 3
      objectReference: {fileID: 0}
    - target: {fileID: 400000, guid: 71d4f9c7189785747b5b98aaba0cfb4c, type: 3}
      propertyPath: m_LocalScale.z
      value: 3
      objectReference: {fileID: 0}
    - target: {fileID: 2300000, guid: 71d4f9c7189785747b5b98aaba0cfb4c, type: 3}
      propertyPath: m_Materials.Array.data[0]
      value: 
      objectReference: {fileID: 2100000, guid: 32bfe75adb0cd004fbb29a58d0996e46, type: 2}
    m_RemovedComponents: []
  m_SourcePrefab: {fileID: 100100000, guid: 71d4f9c7189785747b5b98aaba0cfb4c, type: 3}
--- !u!4 &7235417579950955045 stripped
Transform:
  m_CorrespondingSourceObject: {fileID: 400000, guid: 71d4f9c7189785747b5b98aaba0cfb4c,
    type: 3}
  m_PrefabInstance: {fileID: 7235417579950555301}
  m_PrefabAsset: {fileID: 0}
