%YAML 1.1
%TAG !u! tag:unity3d.com,2011:
--- !u!1 &993862788718751103
GameObject:
  m_ObjectHideFlags: 0
  m_CorrespondingSourceObject: {fileID: 0}
  m_PrefabInstance: {fileID: 0}
  m_PrefabAsset: {fileID: 0}
  serializedVersion: 6
  m_Component:
  - component: {fileID: 8825687470449873136}
  - component: {fileID: 3751560820358827992}
  - component: {fileID: 2415451871445871677}
  - component: {fileID: 4968911882302628942}
  - component: {fileID: 6527825788517549331}
  - component: {fileID: 7843070654958672181}
  m_Layer: 10
  m_Name: SpeedGem Box
  m_TagString: Untagged
  m_Icon: {fileID: 0}
  m_NavMeshLayer: 0
  m_StaticEditorFlags: 0
  m_IsActive: 1
--- !u!4 &8825687470449873136
Transform:
  m_ObjectHideFlags: 0
  m_CorrespondingSourceObject: {fileID: 0}
  m_PrefabInstance: {fileID: 0}
  m_PrefabAsset: {fileID: 0}
  m_GameObject: {fileID: 993862788718751103}
  m_LocalRotation: {x: 0, y: 0, z: 0, w: 1}
  m_LocalPosition: {x: -3.17, y: 0.5, z: -10.06}
  m_LocalScale: {x: 1, y: 1, z: 1}
  m_Children: []
  m_Father: {fileID: 0}
  m_RootOrder: 0
  m_LocalEulerAnglesHint: {x: 0, y: 0, z: 0}
--- !u!33 &3751560820358827992
MeshFilter:
  m_ObjectHideFlags: 0
  m_CorrespondingSourceObject: {fileID: 0}
  m_PrefabInstance: {fileID: 0}
  m_PrefabAsset: {fileID: 0}
  m_GameObject: {fileID: 993862788718751103}
  m_Mesh: {fileID: 10202, guid: 0000000000000000e000000000000000, type: 0}
--- !u!23 &2415451871445871677
MeshRenderer:
  m_ObjectHideFlags: 0
  m_CorrespondingSourceObject: {fileID: 0}
  m_PrefabInstance: {fileID: 0}
  m_PrefabAsset: {fileID: 0}
  m_GameObject: {fileID: 993862788718751103}
  m_Enabled: 1
  m_CastShadows: 1
  m_ReceiveShadows: 1
  m_DynamicOccludee: 1
  m_MotionVectors: 1
  m_LightProbeUsage: 1
  m_ReflectionProbeUsage: 1
  m_RenderingLayerMask: 1
  m_RendererPriority: 0
  m_Materials:
  - {fileID: 2100000, guid: 8d9aafa823bc97a47865347d95094e54, type: 2}
  m_StaticBatchInfo:
    firstSubMesh: 0
    subMeshCount: 0
  m_StaticBatchRoot: {fileID: 0}
  m_ProbeAnchor: {fileID: 0}
  m_LightProbeVolumeOverride: {fileID: 0}
  m_ScaleInLightmap: 1
  m_PreserveUVs: 0
  m_IgnoreNormalsForChartDetection: 0
  m_ImportantGI: 0
  m_StitchLightmapSeams: 0
  m_SelectedEditorRenderState: 3
  m_MinimumChartSize: 4
  m_AutoUVMaxDistance: 0.5
  m_AutoUVMaxAngle: 89
  m_LightmapParameters: {fileID: 0}
  m_SortingLayerID: 0
  m_SortingLayer: 0
  m_SortingOrder: 0
--- !u!65 &4968911882302628942
BoxCollider:
  m_ObjectHideFlags: 0
  m_CorrespondingSourceObject: {fileID: 0}
  m_PrefabInstance: {fileID: 0}
  m_PrefabAsset: {fileID: 0}
  m_GameObject: {fileID: 993862788718751103}
  m_Material: {fileID: 0}
  m_IsTrigger: 0
  m_Enabled: 1
  serializedVersion: 2
  m_Size: {x: 1, y: 1, z: 1}
  m_Center: {x: 0, y: 0, z: 0}
--- !u!114 &6527825788517549331
MonoBehaviour:
  m_ObjectHideFlags: 0
  m_CorrespondingSourceObject: {fileID: 0}
  m_PrefabInstance: {fileID: 0}
  m_PrefabAsset: {fileID: 0}
  m_GameObject: {fileID: 993862788718751103}
  m_Enabled: 1
  m_EditorHideFlags: 0
  m_Script: {fileID: 11500000, guid: 89cabb55c508f29458b3e709fdde738f, type: 3}
  m_Name: 
  m_EditorClassIdentifier: 
  dropsAny: 1
  dropsystem: 0
  defaultItemDrop: {fileID: 8898709616249835650, guid: 6e7c765542ab3554fb4d8f1fadbc4a0f,
    type: 3}
  onePlayerItemDrop: {fileID: 8898709616249835650, guid: 6e7c765542ab3554fb4d8f1fadbc4a0f,
    type: 3}
  twoPlayerItemDrop: {fileID: 8898709616249835650, guid: 6e7c765542ab3554fb4d8f1fadbc4a0f,
    type: 3}
  threePlayerItemDrop: {fileID: 8898709616249835650, guid: 6e7c765542ab3554fb4d8f1fadbc4a0f,
    type: 3}
  fourPlayeritemDrop: {fileID: 8898709616249835650, guid: 6e7c765542ab3554fb4d8f1fadbc4a0f,
    type: 3}
  nullChance: 0
  healthSpawnChance: 0
  healthItems: []
  gemSpawnChance: 100
  gems:
  - {fileID: 3013158648910117219, guid: 887bae888811adf4fbf9d78e636be6c7, type: 3}
  - {fileID: 7566686280521339325, guid: 6c24fcc80de3ba346b4dc3bd4ee1fbd5, type: 3}
  - {fileID: 20201003174797269, guid: 5140ffdd46db5854b95e5760cebd230f, type: 3}
  - {fileID: 2459464788143275567, guid: 374aef676ab0df449bd622a68c10405a, type: 3}
  - {fileID: 4214423218661857590, guid: e8c875592f96c9a47abbca2846bf37f5, type: 3}
  - {fileID: 1759474014467536418, guid: 6e7c765542ab3554fb4d8f1fadbc4a0f, type: 3}
  - {fileID: 1897798954801721274, guid: 5d044226a4f45f14d911a2dd854574ed, type: 3}
--- !u!114 &7843070654958672181
MonoBehaviour:
  m_ObjectHideFlags: 0
  m_CorrespondingSourceObject: {fileID: 0}
  m_PrefabInstance: {fileID: 0}
  m_PrefabAsset: {fileID: 0}
  m_GameObject: {fileID: 993862788718751103}
  m_Enabled: 1
  m_EditorHideFlags: 0
  m_Script: {fileID: 11500000, guid: 7dc96e4795be5084086f7f2c5e63b16d, type: 3}
  m_Name: 
  m_EditorClassIdentifier: 
