%YAML 1.1
%TAG !u! tag:unity3d.com,2011:
--- !u!1 &5178720748360195323
GameObject:
  m_ObjectHideFlags: 0
  m_CorrespondingSourceObject: {fileID: 0}
  m_PrefabInstance: {fileID: 0}
  m_PrefabAsset: {fileID: 0}
  serializedVersion: 6
  m_Component:
  - component: {fileID: 1263782582}
  - component: {fileID: 5818593986216386193}
  - component: {fileID: 5427731158886949550}
  - component: {fileID: 1114291964111810390}
  - component: {fileID: 60266002626870778}
  m_Layer: 0
  m_Name: Wall_module_001 (32)
  m_TagString: Untagged
  m_Icon: {fileID: 1206586993520771344, guid: 0000000000000000d000000000000000, type: 0}
  m_NavMeshLayer: 0
  m_StaticEditorFlags: 0
  m_IsActive: 1
--- !u!4 &1263782582
Transform:
  m_ObjectHideFlags: 0
  m_CorrespondingSourceObject: {fileID: 0}
  m_PrefabInstance: {fileID: 0}
  m_PrefabAsset: {fileID: 0}
  m_GameObject: {fileID: 5178720748360195323}
  m_LocalRotation: {x: 0, y: 0, z: 0, w: 1}
  m_LocalPosition: {x: 0, y: 0, z: 0}
  m_LocalScale: {x: 1, y: 1, z: 1}
  m_Children:
  - {fileID: 5983194649972359851}
  - {fileID: 8720913594591078441}
  - {fileID: 8903665480234724940}
  - {fileID: 1480814595503880141}
  - {fileID: 5535695475055333647}
  - {fileID: 1600587709666576410}
  m_Father: {fileID: 0}
  m_RootOrder: 0
  m_LocalEulerAnglesHint: {x: 0, y: 0, z: 0}
--- !u!33 &5818593986216386193
MeshFilter:
  m_ObjectHideFlags: 0
  m_CorrespondingSourceObject: {fileID: 0}
  m_PrefabInstance: {fileID: 0}
  m_PrefabAsset: {fileID: 0}
  m_GameObject: {fileID: 5178720748360195323}
  m_Mesh: {fileID: 4300000, guid: e751f9d4a165eaa4bb16a80b07de2f51, type: 3}
--- !u!23 &5427731158886949550
MeshRenderer:
  m_ObjectHideFlags: 0
  m_CorrespondingSourceObject: {fileID: 0}
  m_PrefabInstance: {fileID: 0}
  m_PrefabAsset: {fileID: 0}
  m_GameObject: {fileID: 5178720748360195323}
  m_Enabled: 0
  m_CastShadows: 1
  m_ReceiveShadows: 1
  m_DynamicOccludee: 1
  m_MotionVectors: 1
  m_LightProbeUsage: 1
  m_ReflectionProbeUsage: 1
  m_RenderingLayerMask: 1
  m_RendererPriority: 0
  m_Materials:
  - {fileID: 2100000, guid: 831e2a06afb48b34ab5ccf9619db290c, type: 2}
  m_StaticBatchInfo:
    firstSubMesh: 0
    subMeshCount: 0
  m_StaticBatchRoot: {fileID: 0}
  m_ProbeAnchor: {fileID: 0}
  m_LightProbeVolumeOverride: {fileID: 0}
  m_ScaleInLightmap: 1
  m_PreserveUVs: 0
  m_IgnoreNormalsForChartDetection: 0
  m_ImportantGI: 0
  m_StitchLightmapSeams: 0
  m_SelectedEditorRenderState: 3
  m_MinimumChartSize: 4
  m_AutoUVMaxDistance: 0.5
  m_AutoUVMaxAngle: 89
  m_LightmapParameters: {fileID: 0}
  m_SortingLayerID: 0
  m_SortingLayer: 0
  m_SortingOrder: 0
--- !u!64 &1114291964111810390
MeshCollider:
  m_ObjectHideFlags: 0
  m_CorrespondingSourceObject: {fileID: 0}
  m_PrefabInstance: {fileID: 0}
  m_PrefabAsset: {fileID: 0}
  m_GameObject: {fileID: 5178720748360195323}
  m_Material: {fileID: 13400000, guid: 2cfb0ec0f505f554ab8c97ae39f4e05c, type: 2}
  m_IsTrigger: 0
  m_Enabled: 0
  serializedVersion: 3
  m_Convex: 0
  m_CookingOptions: 14
  m_Mesh: {fileID: 4300000, guid: e751f9d4a165eaa4bb16a80b07de2f51, type: 3}
--- !u!65 &60266002626870778
BoxCollider:
  m_ObjectHideFlags: 0
  m_CorrespondingSourceObject: {fileID: 0}
  m_PrefabInstance: {fileID: 0}
  m_PrefabAsset: {fileID: 0}
  m_GameObject: {fileID: 5178720748360195323}
  m_Material: {fileID: 13400000, guid: 2cfb0ec0f505f554ab8c97ae39f4e05c, type: 2}
  m_IsTrigger: 0
  m_Enabled: 1
  serializedVersion: 2
  m_Size: {x: 1.0703421, y: 89.61, z: 13.573294}
  m_Center: {x: -0.46482894, y: 0, z: 6.9663115}
--- !u!65 &8173864611041724917
BoxCollider:
  m_ObjectHideFlags: 0
  m_CorrespondingSourceObject: {fileID: 0}
  m_PrefabInstance: {fileID: 0}
  m_PrefabAsset: {fileID: 0}
  m_GameObject: {fileID: 8720913594591376393}
  m_Material: {fileID: 13400000, guid: 2cfb0ec0f505f554ab8c97ae39f4e05c, type: 2}
  m_IsTrigger: 0
  m_Enabled: 1
  serializedVersion: 2
  m_Size: {x: 1.0633692, y: 23.163818, z: 14.000011}
  m_Center: {x: 0.26003903, y: -20.984745, z: 7}
--- !u!65 &1468613961259149207
BoxCollider:
  m_ObjectHideFlags: 0
  m_CorrespondingSourceObject: {fileID: 0}
  m_PrefabInstance: {fileID: 0}
  m_PrefabAsset: {fileID: 0}
  m_GameObject: {fileID: 8903665480234693228}
  m_Material: {fileID: 13400000, guid: 2cfb0ec0f505f554ab8c97ae39f4e05c, type: 2}
  m_IsTrigger: 0
  m_Enabled: 1
  serializedVersion: 2
  m_Size: {x: 1.0633692, y: 21, z: 14.000011}
  m_Center: {x: 0.26003903, y: -10.5, z: 7}
--- !u!1001 &2617701398273662170
PrefabInstance:
  m_ObjectHideFlags: 0
  serializedVersion: 2
  m_Modification:
    m_TransformParent: {fileID: 1263782582}
    m_Modifications:
    - target: {fileID: 3521560414932298519, guid: 7439732d01a37e74c99c5ce875b4e507,
        type: 3}
      propertyPath: m_LocalPosition.x
      value: 0.81
      objectReference: {fileID: 0}
    - target: {fileID: 3521560414932298519, guid: 7439732d01a37e74c99c5ce875b4e507,
        type: 3}
      propertyPath: m_LocalPosition.y
      value: -10.54
      objectReference: {fileID: 0}
    - target: {fileID: 3521560414932298519, guid: 7439732d01a37e74c99c5ce875b4e507,
        type: 3}
      propertyPath: m_LocalPosition.z
      value: 7
      objectReference: {fileID: 0}
    - target: {fileID: 3521560414932298519, guid: 7439732d01a37e74c99c5ce875b4e507,
        type: 3}
      propertyPath: m_LocalRotation.x
      value: -0
      objectReference: {fileID: 0}
    - target: {fileID: 3521560414932298519, guid: 7439732d01a37e74c99c5ce875b4e507,
        type: 3}
      propertyPath: m_LocalRotation.y
      value: -0
      objectReference: {fileID: 0}
    - target: {fileID: 3521560414932298519, guid: 7439732d01a37e74c99c5ce875b4e507,
        type: 3}
      propertyPath: m_LocalRotation.z
      value: -0
      objectReference: {fileID: 0}
    - target: {fileID: 3521560414932298519, guid: 7439732d01a37e74c99c5ce875b4e507,
        type: 3}
      propertyPath: m_LocalRotation.w
      value: 1
      objectReference: {fileID: 0}
    - target: {fileID: 3521560414932298519, guid: 7439732d01a37e74c99c5ce875b4e507,
        type: 3}
      propertyPath: m_RootOrder
      value: 3
      objectReference: {fileID: 0}
    - target: {fileID: 3521560414932298519, guid: 7439732d01a37e74c99c5ce875b4e507,
        type: 3}
      propertyPath: m_LocalEulerAnglesHint.x
      value: 0
      objectReference: {fileID: 0}
    - target: {fileID: 3521560414932298519, guid: 7439732d01a37e74c99c5ce875b4e507,
        type: 3}
      propertyPath: m_LocalEulerAnglesHint.y
      value: 0
      objectReference: {fileID: 0}
    - target: {fileID: 3521560414932298519, guid: 7439732d01a37e74c99c5ce875b4e507,
        type: 3}
      propertyPath: m_LocalEulerAnglesHint.z
      value: 0
      objectReference: {fileID: 0}
    - target: {fileID: 3521560414932298519, guid: 7439732d01a37e74c99c5ce875b4e507,
        type: 3}
      propertyPath: m_LocalScale.x
      value: 1
      objectReference: {fileID: 0}
    - target: {fileID: 3521560414932298519, guid: 7439732d01a37e74c99c5ce875b4e507,
        type: 3}
      propertyPath: m_LocalScale.y
      value: 1
      objectReference: {fileID: 0}
    - target: {fileID: 3521560414932298519, guid: 7439732d01a37e74c99c5ce875b4e507,
        type: 3}
      propertyPath: m_LocalScale.z
      value: 1
      objectReference: {fileID: 0}
    - target: {fileID: 8691065300521165283, guid: 7439732d01a37e74c99c5ce875b4e507,
        type: 3}
      propertyPath: m_Name
      value: PillarCore
      objectReference: {fileID: 0}
    m_RemovedComponents: []
  m_SourcePrefab: {fileID: 100100000, guid: 7439732d01a37e74c99c5ce875b4e507, type: 3}
--- !u!4 &1480814595503880141 stripped
Transform:
  m_CorrespondingSourceObject: {fileID: 3521560414932298519, guid: 7439732d01a37e74c99c5ce875b4e507,
    type: 3}
  m_PrefabInstance: {fileID: 2617701398273662170}
  m_PrefabAsset: {fileID: 0}
--- !u!1001 &2803902538256327437
PrefabInstance:
  m_ObjectHideFlags: 0
  serializedVersion: 2
  m_Modification:
    m_TransformParent: {fileID: 1263782582}
    m_Modifications:
    - target: {fileID: 3521560414932298519, guid: 7439732d01a37e74c99c5ce875b4e507,
        type: 3}
      propertyPath: m_LocalPosition.x
      value: 0.81
      objectReference: {fileID: 0}
    - target: {fileID: 3521560414932298519, guid: 7439732d01a37e74c99c5ce875b4e507,
        type: 3}
      propertyPath: m_LocalPosition.y
      value: -12.99
      objectReference: {fileID: 0}
    - target: {fileID: 3521560414932298519, guid: 7439732d01a37e74c99c5ce875b4e507,
        type: 3}
      propertyPath: m_LocalPosition.z
      value: 12
      objectReference: {fileID: 0}
    - target: {fileID: 3521560414932298519, guid: 7439732d01a37e74c99c5ce875b4e507,
        type: 3}
      propertyPath: m_LocalRotation.x
      value: -0
      objectReference: {fileID: 0}
    - target: {fileID: 3521560414932298519, guid: 7439732d01a37e74c99c5ce875b4e507,
        type: 3}
      propertyPath: m_LocalRotation.y
      value: -0
      objectReference: {fileID: 0}
    - target: {fileID: 3521560414932298519, guid: 7439732d01a37e74c99c5ce875b4e507,
        type: 3}
      propertyPath: m_LocalRotation.z
      value: -0
      objectReference: {fileID: 0}
    - target: {fileID: 3521560414932298519, guid: 7439732d01a37e74c99c5ce875b4e507,
        type: 3}
      propertyPath: m_LocalRotation.w
      value: 1
      objectReference: {fileID: 0}
    - target: {fileID: 3521560414932298519, guid: 7439732d01a37e74c99c5ce875b4e507,
        type: 3}
      propertyPath: m_RootOrder
      value: 5
      objectReference: {fileID: 0}
    - target: {fileID: 3521560414932298519, guid: 7439732d01a37e74c99c5ce875b4e507,
        type: 3}
      propertyPath: m_LocalEulerAnglesHint.x
      value: 0
      objectReference: {fileID: 0}
    - target: {fileID: 3521560414932298519, guid: 7439732d01a37e74c99c5ce875b4e507,
        type: 3}
      propertyPath: m_LocalEulerAnglesHint.y
      value: 0
      objectReference: {fileID: 0}
    - target: {fileID: 3521560414932298519, guid: 7439732d01a37e74c99c5ce875b4e507,
        type: 3}
      propertyPath: m_LocalEulerAnglesHint.z
      value: 0
      objectReference: {fileID: 0}
    - target: {fileID: 3521560414932298519, guid: 7439732d01a37e74c99c5ce875b4e507,
        type: 3}
      propertyPath: m_LocalScale.x
      value: 1
      objectReference: {fileID: 0}
    - target: {fileID: 3521560414932298519, guid: 7439732d01a37e74c99c5ce875b4e507,
        type: 3}
      propertyPath: m_LocalScale.y
      value: 1
      objectReference: {fileID: 0}
    - target: {fileID: 3521560414932298519, guid: 7439732d01a37e74c99c5ce875b4e507,
        type: 3}
      propertyPath: m_LocalScale.z
      value: 1
      objectReference: {fileID: 0}
    - target: {fileID: 8691065300521165283, guid: 7439732d01a37e74c99c5ce875b4e507,
        type: 3}
      propertyPath: m_Name
      value: PillarCore (2)
      objectReference: {fileID: 0}
    m_RemovedComponents: []
  m_SourcePrefab: {fileID: 100100000, guid: 7439732d01a37e74c99c5ce875b4e507, type: 3}
--- !u!4 &1600587709666576410 stripped
Transform:
  m_CorrespondingSourceObject: {fileID: 3521560414932298519, guid: 7439732d01a37e74c99c5ce875b4e507,
    type: 3}
  m_PrefabInstance: {fileID: 2803902538256327437}
  m_PrefabAsset: {fileID: 0}
--- !u!1001 &5983194649971972139
PrefabInstance:
  m_ObjectHideFlags: 0
  serializedVersion: 2
  m_Modification:
    m_TransformParent: {fileID: 1263782582}
    m_Modifications:
    - target: {fileID: 100000, guid: 457a6cbcbdf131d4f9ba81dd41093efc, type: 3}
      propertyPath: m_Name
      value: Wall_module_001_v2
      objectReference: {fileID: 0}
    - target: {fileID: 400000, guid: 457a6cbcbdf131d4f9ba81dd41093efc, type: 3}
      propertyPath: m_LocalPosition.x
      value: 0
      objectReference: {fileID: 0}
    - target: {fileID: 400000, guid: 457a6cbcbdf131d4f9ba81dd41093efc, type: 3}
      propertyPath: m_LocalPosition.y
      value: 21
      objectReference: {fileID: 0}
    - target: {fileID: 400000, guid: 457a6cbcbdf131d4f9ba81dd41093efc, type: 3}
      propertyPath: m_LocalPosition.z
      value: 0
      objectReference: {fileID: 0}
    - target: {fileID: 400000, guid: 457a6cbcbdf131d4f9ba81dd41093efc, type: 3}
      propertyPath: m_LocalRotation.x
      value: 0
      objectReference: {fileID: 0}
    - target: {fileID: 400000, guid: 457a6cbcbdf131d4f9ba81dd41093efc, type: 3}
      propertyPath: m_LocalRotation.y
      value: -0
      objectReference: {fileID: 0}
    - target: {fileID: 400000, guid: 457a6cbcbdf131d4f9ba81dd41093efc, type: 3}
      propertyPath: m_LocalRotation.z
      value: -0
      objectReference: {fileID: 0}
    - target: {fileID: 400000, guid: 457a6cbcbdf131d4f9ba81dd41093efc, type: 3}
      propertyPath: m_LocalRotation.w
      value: 1
      objectReference: {fileID: 0}
    - target: {fileID: 400000, guid: 457a6cbcbdf131d4f9ba81dd41093efc, type: 3}
      propertyPath: m_RootOrder
      value: 0
      objectReference: {fileID: 0}
    - target: {fileID: 400000, guid: 457a6cbcbdf131d4f9ba81dd41093efc, type: 3}
      propertyPath: m_LocalEulerAnglesHint.x
      value: 0
      objectReference: {fileID: 0}
    - target: {fileID: 400000, guid: 457a6cbcbdf131d4f9ba81dd41093efc, type: 3}
      propertyPath: m_LocalEulerAnglesHint.y
      value: 0
      objectReference: {fileID: 0}
    - target: {fileID: 400000, guid: 457a6cbcbdf131d4f9ba81dd41093efc, type: 3}
      propertyPath: m_LocalEulerAnglesHint.z
      value: 0
      objectReference: {fileID: 0}
    - target: {fileID: 400000, guid: 457a6cbcbdf131d4f9ba81dd41093efc, type: 3}
      propertyPath: m_LocalScale.x
      value: 1
      objectReference: {fileID: 0}
    - target: {fileID: 400000, guid: 457a6cbcbdf131d4f9ba81dd41093efc, type: 3}
      propertyPath: m_LocalScale.y
      value: 1
      objectReference: {fileID: 0}
    - target: {fileID: 400000, guid: 457a6cbcbdf131d4f9ba81dd41093efc, type: 3}
      propertyPath: m_LocalScale.z
      value: 1
      objectReference: {fileID: 0}
    - target: {fileID: 2300000, guid: 457a6cbcbdf131d4f9ba81dd41093efc, type: 3}
      propertyPath: m_Materials.Array.data[1]
      value: 
      objectReference: {fileID: 2100000, guid: 2185e1c0a127a6c4c8f754a6ed566bbb, type: 2}
    - target: {fileID: 2300000, guid: 457a6cbcbdf131d4f9ba81dd41093efc, type: 3}
      propertyPath: m_Materials.Array.data[2]
      value: 
      objectReference: {fileID: 2100000, guid: 053b2d12794046444b29ef2788b85c2f, type: 2}
    - target: {fileID: 2300000, guid: 457a6cbcbdf131d4f9ba81dd41093efc, type: 3}
      propertyPath: m_Materials.Array.data[0]
      value: 
      objectReference: {fileID: 2100000, guid: 1dda6bd897940d042aba6a093c6c4d1e, type: 2}
    m_RemovedComponents: []
  m_SourcePrefab: {fileID: 100100000, guid: 457a6cbcbdf131d4f9ba81dd41093efc, type: 3}
--- !u!4 &5983194649972359851 stripped
Transform:
  m_CorrespondingSourceObject: {fileID: 400000, guid: 457a6cbcbdf131d4f9ba81dd41093efc,
    type: 3}
  m_PrefabInstance: {fileID: 5983194649971972139}
  m_PrefabAsset: {fileID: 0}
--- !u!1001 &8720913594591474345
PrefabInstance:
  m_ObjectHideFlags: 0
  serializedVersion: 2
  m_Modification:
    m_TransformParent: {fileID: 1263782582}
    m_Modifications:
    - target: {fileID: 100000, guid: 457a6cbcbdf131d4f9ba81dd41093efc, type: 3}
      propertyPath: m_Name
      value: Wall_module_001_v2 (1)
      objectReference: {fileID: 0}
    - target: {fileID: 400000, guid: 457a6cbcbdf131d4f9ba81dd41093efc, type: 3}
      propertyPath: m_LocalPosition.x
      value: 0
      objectReference: {fileID: 0}
    - target: {fileID: 400000, guid: 457a6cbcbdf131d4f9ba81dd41093efc, type: 3}
      propertyPath: m_LocalPosition.y
      value: 0
      objectReference: {fileID: 0}
    - target: {fileID: 400000, guid: 457a6cbcbdf131d4f9ba81dd41093efc, type: 3}
      propertyPath: m_LocalPosition.z
      value: 0
      objectReference: {fileID: 0}
    - target: {fileID: 400000, guid: 457a6cbcbdf131d4f9ba81dd41093efc, type: 3}
      propertyPath: m_LocalRotation.x
      value: -0
      objectReference: {fileID: 0}
    - target: {fileID: 400000, guid: 457a6cbcbdf131d4f9ba81dd41093efc, type: 3}
      propertyPath: m_LocalRotation.y
      value: -0
      objectReference: {fileID: 0}
    - target: {fileID: 400000, guid: 457a6cbcbdf131d4f9ba81dd41093efc, type: 3}
      propertyPath: m_LocalRotation.z
      value: -0
      objectReference: {fileID: 0}
    - target: {fileID: 400000, guid: 457a6cbcbdf131d4f9ba81dd41093efc, type: 3}
      propertyPath: m_LocalRotation.w
      value: 1
      objectReference: {fileID: 0}
    - target: {fileID: 400000, guid: 457a6cbcbdf131d4f9ba81dd41093efc, type: 3}
      propertyPath: m_RootOrder
      value: 1
      objectReference: {fileID: 0}
    - target: {fileID: 400000, guid: 457a6cbcbdf131d4f9ba81dd41093efc, type: 3}
      propertyPath: m_LocalEulerAnglesHint.x
      value: 0
      objectReference: {fileID: 0}
    - target: {fileID: 400000, guid: 457a6cbcbdf131d4f9ba81dd41093efc, type: 3}
      propertyPath: m_LocalEulerAnglesHint.y
      value: 0
      objectReference: {fileID: 0}
    - target: {fileID: 400000, guid: 457a6cbcbdf131d4f9ba81dd41093efc, type: 3}
      propertyPath: m_LocalEulerAnglesHint.z
      value: 0
      objectReference: {fileID: 0}
    - target: {fileID: 400000, guid: 457a6cbcbdf131d4f9ba81dd41093efc, type: 3}
      propertyPath: m_LocalScale.x
      value: 1
      objectReference: {fileID: 0}
    - target: {fileID: 400000, guid: 457a6cbcbdf131d4f9ba81dd41093efc, type: 3}
      propertyPath: m_LocalScale.y
      value: 1
      objectReference: {fileID: 0}
    - target: {fileID: 400000, guid: 457a6cbcbdf131d4f9ba81dd41093efc, type: 3}
      propertyPath: m_LocalScale.z
      value: 1
      objectReference: {fileID: 0}
    - target: {fileID: 2300000, guid: 457a6cbcbdf131d4f9ba81dd41093efc, type: 3}
      propertyPath: m_Materials.Array.data[1]
      value: 
      objectReference: {fileID: 2100000, guid: 2185e1c0a127a6c4c8f754a6ed566bbb, type: 2}
    - target: {fileID: 2300000, guid: 457a6cbcbdf131d4f9ba81dd41093efc, type: 3}
      propertyPath: m_Materials.Array.data[0]
      value: 
      objectReference: {fileID: 2100000, guid: 1dda6bd897940d042aba6a093c6c4d1e, type: 2}
    - target: {fileID: 2300000, guid: 457a6cbcbdf131d4f9ba81dd41093efc, type: 3}
      propertyPath: m_Materials.Array.data[2]
      value: 
      objectReference: {fileID: 2100000, guid: 053b2d12794046444b29ef2788b85c2f, type: 2}
    m_RemovedComponents: []
  m_SourcePrefab: {fileID: 100100000, guid: 457a6cbcbdf131d4f9ba81dd41093efc, type: 3}
--- !u!1 &8720913594591376393 stripped
GameObject:
  m_CorrespondingSourceObject: {fileID: 100000, guid: 457a6cbcbdf131d4f9ba81dd41093efc,
    type: 3}
  m_PrefabInstance: {fileID: 8720913594591474345}
  m_PrefabAsset: {fileID: 0}
--- !u!4 &8720913594591078441 stripped
Transform:
  m_CorrespondingSourceObject: {fileID: 400000, guid: 457a6cbcbdf131d4f9ba81dd41093efc,
    type: 3}
  m_PrefabInstance: {fileID: 8720913594591474345}
  m_PrefabAsset: {fileID: 0}
--- !u!1001 &8903665480234595532
PrefabInstance:
  m_ObjectHideFlags: 0
  serializedVersion: 2
  m_Modification:
    m_TransformParent: {fileID: 1263782582}
    m_Modifications:
    - target: {fileID: 100000, guid: 457a6cbcbdf131d4f9ba81dd41093efc, type: 3}
      propertyPath: m_Name
      value: Wall_module_001_v2 (2)
      objectReference: {fileID: 0}
    - target: {fileID: 400000, guid: 457a6cbcbdf131d4f9ba81dd41093efc, type: 3}
      propertyPath: m_LocalPosition.x
      value: 0
      objectReference: {fileID: 0}
    - target: {fileID: 400000, guid: 457a6cbcbdf131d4f9ba81dd41093efc, type: 3}
      propertyPath: m_LocalPosition.y
      value: 42
      objectReference: {fileID: 0}
    - target: {fileID: 400000, guid: 457a6cbcbdf131d4f9ba81dd41093efc, type: 3}
      propertyPath: m_LocalPosition.z
      value: 0
      objectReference: {fileID: 0}
    - target: {fileID: 400000, guid: 457a6cbcbdf131d4f9ba81dd41093efc, type: 3}
      propertyPath: m_LocalRotation.x
      value: -0
      objectReference: {fileID: 0}
    - target: {fileID: 400000, guid: 457a6cbcbdf131d4f9ba81dd41093efc, type: 3}
      propertyPath: m_LocalRotation.y
      value: -0
      objectReference: {fileID: 0}
    - target: {fileID: 400000, guid: 457a6cbcbdf131d4f9ba81dd41093efc, type: 3}
      propertyPath: m_LocalRotation.z
      value: -0
      objectReference: {fileID: 0}
    - target: {fileID: 400000, guid: 457a6cbcbdf131d4f9ba81dd41093efc, type: 3}
      propertyPath: m_LocalRotation.w
      value: 1
      objectReference: {fileID: 0}
    - target: {fileID: 400000, guid: 457a6cbcbdf131d4f9ba81dd41093efc, type: 3}
      propertyPath: m_RootOrder
      value: 2
      objectReference: {fileID: 0}
    - target: {fileID: 400000, guid: 457a6cbcbdf131d4f9ba81dd41093efc, type: 3}
      propertyPath: m_LocalEulerAnglesHint.x
      value: 0
      objectReference: {fileID: 0}
    - target: {fileID: 400000, guid: 457a6cbcbdf131d4f9ba81dd41093efc, type: 3}
      propertyPath: m_LocalEulerAnglesHint.y
      value: 0
      objectReference: {fileID: 0}
    - target: {fileID: 400000, guid: 457a6cbcbdf131d4f9ba81dd41093efc, type: 3}
      propertyPath: m_LocalEulerAnglesHint.z
      value: 0
      objectReference: {fileID: 0}
    - target: {fileID: 400000, guid: 457a6cbcbdf131d4f9ba81dd41093efc, type: 3}
      propertyPath: m_LocalScale.x
      value: 1
      objectReference: {fileID: 0}
    - target: {fileID: 400000, guid: 457a6cbcbdf131d4f9ba81dd41093efc, type: 3}
      propertyPath: m_LocalScale.y
      value: 1
      objectReference: {fileID: 0}
    - target: {fileID: 400000, guid: 457a6cbcbdf131d4f9ba81dd41093efc, type: 3}
      propertyPath: m_LocalScale.z
      value: 1
      objectReference: {fileID: 0}
    - target: {fileID: 2300000, guid: 457a6cbcbdf131d4f9ba81dd41093efc, type: 3}
      propertyPath: m_Materials.Array.data[1]
      value: 
      objectReference: {fileID: 2100000, guid: 2185e1c0a127a6c4c8f754a6ed566bbb, type: 2}
    - target: {fileID: 2300000, guid: 457a6cbcbdf131d4f9ba81dd41093efc, type: 3}
      propertyPath: m_Materials.Array.data[2]
      value: 
      objectReference: {fileID: 2100000, guid: 053b2d12794046444b29ef2788b85c2f, type: 2}
    - target: {fileID: 2300000, guid: 457a6cbcbdf131d4f9ba81dd41093efc, type: 3}
      propertyPath: m_Materials.Array.data[0]
      value: 
      objectReference: {fileID: 2100000, guid: 1dda6bd897940d042aba6a093c6c4d1e, type: 2}
    m_RemovedComponents: []
  m_SourcePrefab: {fileID: 100100000, guid: 457a6cbcbdf131d4f9ba81dd41093efc, type: 3}
--- !u!1 &8903665480234693228 stripped
GameObject:
  m_CorrespondingSourceObject: {fileID: 100000, guid: 457a6cbcbdf131d4f9ba81dd41093efc,
    type: 3}
  m_PrefabInstance: {fileID: 8903665480234595532}
  m_PrefabAsset: {fileID: 0}
--- !u!4 &8903665480234724940 stripped
Transform:
  m_CorrespondingSourceObject: {fileID: 400000, guid: 457a6cbcbdf131d4f9ba81dd41093efc,
    type: 3}
  m_PrefabInstance: {fileID: 8903665480234595532}
  m_PrefabAsset: {fileID: 0}
--- !u!1001 &8938982523597552152
PrefabInstance:
  m_ObjectHideFlags: 0
  serializedVersion: 2
  m_Modification:
    m_TransformParent: {fileID: 1263782582}
    m_Modifications:
    - target: {fileID: 3521560414932298519, guid: 7439732d01a37e74c99c5ce875b4e507,
        type: 3}
      propertyPath: m_LocalPosition.x
      value: 0.81
      objectReference: {fileID: 0}
    - target: {fileID: 3521560414932298519, guid: 7439732d01a37e74c99c5ce875b4e507,
        type: 3}
      propertyPath: m_LocalPosition.y
      value: -12.99
      objectReference: {fileID: 0}
    - target: {fileID: 3521560414932298519, guid: 7439732d01a37e74c99c5ce875b4e507,
        type: 3}
      propertyPath: m_LocalPosition.z
      value: 2
      objectReference: {fileID: 0}
    - target: {fileID: 3521560414932298519, guid: 7439732d01a37e74c99c5ce875b4e507,
        type: 3}
      propertyPath: m_LocalRotation.x
      value: -0
      objectReference: {fileID: 0}
    - target: {fileID: 3521560414932298519, guid: 7439732d01a37e74c99c5ce875b4e507,
        type: 3}
      propertyPath: m_LocalRotation.y
      value: -0
      objectReference: {fileID: 0}
    - target: {fileID: 3521560414932298519, guid: 7439732d01a37e74c99c5ce875b4e507,
        type: 3}
      propertyPath: m_LocalRotation.z
      value: -0
      objectReference: {fileID: 0}
    - target: {fileID: 3521560414932298519, guid: 7439732d01a37e74c99c5ce875b4e507,
        type: 3}
      propertyPath: m_LocalRotation.w
      value: 1
      objectReference: {fileID: 0}
    - target: {fileID: 3521560414932298519, guid: 7439732d01a37e74c99c5ce875b4e507,
        type: 3}
      propertyPath: m_RootOrder
      value: 4
      objectReference: {fileID: 0}
    - target: {fileID: 3521560414932298519, guid: 7439732d01a37e74c99c5ce875b4e507,
        type: 3}
      propertyPath: m_LocalEulerAnglesHint.x
      value: 0
      objectReference: {fileID: 0}
    - target: {fileID: 3521560414932298519, guid: 7439732d01a37e74c99c5ce875b4e507,
        type: 3}
      propertyPath: m_LocalEulerAnglesHint.y
      value: 0
      objectReference: {fileID: 0}
    - target: {fileID: 3521560414932298519, guid: 7439732d01a37e74c99c5ce875b4e507,
        type: 3}
      propertyPath: m_LocalEulerAnglesHint.z
      value: 0
      objectReference: {fileID: 0}
    - target: {fileID: 3521560414932298519, guid: 7439732d01a37e74c99c5ce875b4e507,
        type: 3}
      propertyPath: m_LocalScale.x
      value: 1
      objectReference: {fileID: 0}
    - target: {fileID: 3521560414932298519, guid: 7439732d01a37e74c99c5ce875b4e507,
        type: 3}
      propertyPath: m_LocalScale.y
      value: 1
      objectReference: {fileID: 0}
    - target: {fileID: 3521560414932298519, guid: 7439732d01a37e74c99c5ce875b4e507,
        type: 3}
      propertyPath: m_LocalScale.z
      value: 1
      objectReference: {fileID: 0}
    - target: {fileID: 8691065300521165283, guid: 7439732d01a37e74c99c5ce875b4e507,
        type: 3}
      propertyPath: m_Name
      value: PillarCore (1)
      objectReference: {fileID: 0}
    m_RemovedComponents: []
  m_SourcePrefab: {fileID: 100100000, guid: 7439732d01a37e74c99c5ce875b4e507, type: 3}
--- !u!4 &5535695475055333647 stripped
Transform:
  m_CorrespondingSourceObject: {fileID: 3521560414932298519, guid: 7439732d01a37e74c99c5ce875b4e507,
    type: 3}
  m_PrefabInstance: {fileID: 8938982523597552152}
  m_PrefabAsset: {fileID: 0}
