%YAML 1.1
%TAG !u! tag:unity3d.com,2011:
--- !u!65 &158845138812607431
BoxCollider:
  m_ObjectHideFlags: 0
  m_CorrespondingSourceObject: {fileID: 0}
  m_PrefabInstance: {fileID: 0}
  m_PrefabAsset: {fileID: 0}
  m_GameObject: {fileID: 4786760335558372292}
  m_Material: {fileID: 13400000, guid: 2cfb0ec0f505f554ab8c97ae39f4e05c, type: 2}
  m_IsTrigger: 1
  m_Enabled: 1
  serializedVersion: 2
  m_Size: {x: 1352, y: 2370.847, z: 1352}
  m_Center: {x: 0, y: -809.64087, z: 0.000047683716}
--- !u!65 &2868703468330729602
BoxCollider:
  m_ObjectHideFlags: 0
  m_CorrespondingSourceObject: {fileID: 0}
  m_PrefabInstance: {fileID: 0}
  m_PrefabAsset: {fileID: 0}
  m_GameObject: {fileID: 4786760335558372292}
  m_Material: {fileID: 13400000, guid: 2cfb0ec0f505f554ab8c97ae39f4e05c, type: 2}
  m_IsTrigger: 0
  m_Enabled: 1
  serializedVersion: 2
  m_Size: {x: 1400, y: 2370.847, z: 1400}
  m_Center: {x: 0, y: -809.64087, z: 0.000047683716}
--- !u!64 &8634272674532357983
MeshCollider:
  m_ObjectHideFlags: 0
  m_CorrespondingSourceObject: {fileID: 0}
  m_PrefabInstance: {fileID: 0}
  m_PrefabAsset: {fileID: 0}
  m_GameObject: {fileID: 4786760335558372292}
  m_Material: {fileID: 13400000, guid: 5a50ea9ee0c12db41abc3242c72611d0, type: 2}
  m_IsTrigger: 0
  m_Enabled: 1
  serializedVersion: 3
  m_Convex: 0
  m_CookingOptions: 14
  m_Mesh: {fileID: 4300000, guid: 8136949f306b0414aac0ea255f8d3ad5, type: 3}
--- !u!1 &9136882867548347529
GameObject:
  m_ObjectHideFlags: 0
  m_CorrespondingSourceObject: {fileID: 0}
  m_PrefabInstance: {fileID: 0}
  m_PrefabAsset: {fileID: 0}
  serializedVersion: 6
  m_Component:
  - component: {fileID: 2584510282627542601}
  m_Layer: 0
  m_Name: FullPieceMaster
  m_TagString: Untagged
  m_Icon: {fileID: 0}
  m_NavMeshLayer: 0
  m_StaticEditorFlags: 0
  m_IsActive: 1
--- !u!4 &2584510282627542601
Transform:
  m_ObjectHideFlags: 0
  m_CorrespondingSourceObject: {fileID: 0}
  m_PrefabInstance: {fileID: 0}
  m_PrefabAsset: {fileID: 0}
  m_GameObject: {fileID: 9136882867548347529}
  m_LocalRotation: {x: 0, y: 0, z: 0, w: 1}
  m_LocalPosition: {x: 0, y: 0, z: 0}
  m_LocalScale: {x: 1, y: 1, z: 1}
  m_Children:
  - {fileID: 4786760335558539236}
  - {fileID: 6623448868361137202}
  - {fileID: 7047507549060000448}
  - {fileID: 8849137845842285494}
  m_Father: {fileID: 0}
  m_RootOrder: 0
  m_LocalEulerAnglesHint: {x: 0, y: 0, z: 0}
--- !u!1001 &4786760335558405476
PrefabInstance:
  m_ObjectHideFlags: 0
  serializedVersion: 2
  m_Modification:
    m_TransformParent: {fileID: 2584510282627542601}
    m_Modifications:
    - target: {fileID: 100000, guid: 8136949f306b0414aac0ea255f8d3ad5, type: 3}
      propertyPath: m_Name
      value: module_001
      objectReference: {fileID: 0}
    - target: {fileID: 100000, guid: 8136949f306b0414aac0ea255f8d3ad5, type: 3}
      propertyPath: m_Layer
      value: 14
      objectReference: {fileID: 0}
    - target: {fileID: 2300000, guid: 8136949f306b0414aac0ea255f8d3ad5, type: 3}
      propertyPath: m_Materials.Array.data[0]
      value: 
      objectReference: {fileID: 2100000, guid: 4f96bd97259c51946a928ec7fba041e1, type: 2}
    - target: {fileID: 2300000, guid: 8136949f306b0414aac0ea255f8d3ad5, type: 3}
      propertyPath: m_Materials.Array.data[1]
      value: 
      objectReference: {fileID: 2100000, guid: ff0123fbdb1afeb41ba27e15fc427613, type: 2}
    - target: {fileID: 2300000, guid: 8136949f306b0414aac0ea255f8d3ad5, type: 3}
      propertyPath: m_Materials.Array.data[3]
      value: 
      objectReference: {fileID: 2100000, guid: 053b2d12794046444b29ef2788b85c2f, type: 2}
    - target: {fileID: 2300000, guid: 8136949f306b0414aac0ea255f8d3ad5, type: 3}
      propertyPath: m_Materials.Array.data[2]
      value: 
      objectReference: {fileID: 2100000, guid: 2fad42ce1bd0d504c9b190424a5a631b, type: 2}
    - target: {fileID: 400000, guid: 8136949f306b0414aac0ea255f8d3ad5, type: 3}
      propertyPath: m_LocalPosition.x
      value: 0
      objectReference: {fileID: 0}
    - target: {fileID: 400000, guid: 8136949f306b0414aac0ea255f8d3ad5, type: 3}
      propertyPath: m_LocalPosition.y
      value: 0
      objectReference: {fileID: 0}
    - target: {fileID: 400000, guid: 8136949f306b0414aac0ea255f8d3ad5, type: 3}
      propertyPath: m_LocalPosition.z
      value: 0
      objectReference: {fileID: 0}
    - target: {fileID: 400000, guid: 8136949f306b0414aac0ea255f8d3ad5, type: 3}
      propertyPath: m_LocalRotation.x
      value: 0
      objectReference: {fileID: 0}
    - target: {fileID: 400000, guid: 8136949f306b0414aac0ea255f8d3ad5, type: 3}
      propertyPath: m_LocalRotation.y
      value: -0
      objectReference: {fileID: 0}
    - target: {fileID: 400000, guid: 8136949f306b0414aac0ea255f8d3ad5, type: 3}
      propertyPath: m_LocalRotation.z
      value: -0
      objectReference: {fileID: 0}
    - target: {fileID: 400000, guid: 8136949f306b0414aac0ea255f8d3ad5, type: 3}
      propertyPath: m_LocalRotation.w
      value: 1
      objectReference: {fileID: 0}
    - target: {fileID: 400000, guid: 8136949f306b0414aac0ea255f8d3ad5, type: 3}
      propertyPath: m_RootOrder
      value: 0
      objectReference: {fileID: 0}
    - target: {fileID: 400000, guid: 8136949f306b0414aac0ea255f8d3ad5, type: 3}
      propertyPath: m_LocalEulerAnglesHint.x
      value: 0
      objectReference: {fileID: 0}
    - target: {fileID: 400000, guid: 8136949f306b0414aac0ea255f8d3ad5, type: 3}
      propertyPath: m_LocalEulerAnglesHint.y
      value: 0
      objectReference: {fileID: 0}
    - target: {fileID: 400000, guid: 8136949f306b0414aac0ea255f8d3ad5, type: 3}
      propertyPath: m_LocalEulerAnglesHint.z
      value: 0
      objectReference: {fileID: 0}
    m_RemovedComponents: []
  m_SourcePrefab: {fileID: 100100000, guid: 8136949f306b0414aac0ea255f8d3ad5, type: 3}
--- !u!1 &4786760335558372292 stripped
GameObject:
  m_CorrespondingSourceObject: {fileID: 100000, guid: 8136949f306b0414aac0ea255f8d3ad5,
    type: 3}
  m_PrefabInstance: {fileID: 4786760335558405476}
  m_PrefabAsset: {fileID: 0}
--- !u!4 &4786760335558539236 stripped
Transform:
  m_CorrespondingSourceObject: {fileID: 400000, guid: 8136949f306b0414aac0ea255f8d3ad5,
    type: 3}
  m_PrefabInstance: {fileID: 4786760335558405476}
  m_PrefabAsset: {fileID: 0}
--- !u!1001 &6623448868361533106
PrefabInstance:
  m_ObjectHideFlags: 0
  serializedVersion: 2
  m_Modification:
    m_TransformParent: {fileID: 2584510282627542601}
    m_Modifications:
    - target: {fileID: 100000, guid: 876c8577dfe27b74e9a64ea18b7e7439, type: 3}
      propertyPath: m_Name
      value: module_ext_001
      objectReference: {fileID: 0}
    - target: {fileID: 400000, guid: 876c8577dfe27b74e9a64ea18b7e7439, type: 3}
      propertyPath: m_LocalPosition.x
      value: -0.0000019073
      objectReference: {fileID: 0}
    - target: {fileID: 400000, guid: 876c8577dfe27b74e9a64ea18b7e7439, type: 3}
      propertyPath: m_LocalPosition.y
      value: -8
      objectReference: {fileID: 0}
    - target: {fileID: 400000, guid: 876c8577dfe27b74e9a64ea18b7e7439, type: 3}
      propertyPath: m_LocalPosition.z
      value: 0.0000042915
      objectReference: {fileID: 0}
    - target: {fileID: 400000, guid: 876c8577dfe27b74e9a64ea18b7e7439, type: 3}
      propertyPath: m_LocalRotation.x
      value: -0
      objectReference: {fileID: 0}
    - target: {fileID: 400000, guid: 876c8577dfe27b74e9a64ea18b7e7439, type: 3}
      propertyPath: m_LocalRotation.y
      value: -0
      objectReference: {fileID: 0}
    - target: {fileID: 400000, guid: 876c8577dfe27b74e9a64ea18b7e7439, type: 3}
      propertyPath: m_LocalRotation.z
      value: -0
      objectReference: {fileID: 0}
    - target: {fileID: 400000, guid: 876c8577dfe27b74e9a64ea18b7e7439, type: 3}
      propertyPath: m_LocalRotation.w
      value: 1
      objectReference: {fileID: 0}
    - target: {fileID: 400000, guid: 876c8577dfe27b74e9a64ea18b7e7439, type: 3}
      propertyPath: m_RootOrder
      value: 1
      objectReference: {fileID: 0}
    - target: {fileID: 400000, guid: 876c8577dfe27b74e9a64ea18b7e7439, type: 3}
      propertyPath: m_LocalEulerAnglesHint.x
      value: 0
      objectReference: {fileID: 0}
    - target: {fileID: 400000, guid: 876c8577dfe27b74e9a64ea18b7e7439, type: 3}
      propertyPath: m_LocalEulerAnglesHint.y
      value: 0
      objectReference: {fileID: 0}
    - target: {fileID: 400000, guid: 876c8577dfe27b74e9a64ea18b7e7439, type: 3}
      propertyPath: m_LocalEulerAnglesHint.z
      value: 0
      objectReference: {fileID: 0}
    - target: {fileID: 2300000, guid: 876c8577dfe27b74e9a64ea18b7e7439, type: 3}
      propertyPath: m_Materials.Array.data[0]
      value: 
      objectReference: {fileID: 2100000, guid: ff0123fbdb1afeb41ba27e15fc427613, type: 2}
    m_RemovedComponents: []
  m_SourcePrefab: {fileID: 100100000, guid: 876c8577dfe27b74e9a64ea18b7e7439, type: 3}
--- !u!4 &6623448868361137202 stripped
Transform:
  m_CorrespondingSourceObject: {fileID: 400000, guid: 876c8577dfe27b74e9a64ea18b7e7439,
    type: 3}
  m_PrefabInstance: {fileID: 6623448868361533106}
  m_PrefabAsset: {fileID: 0}
--- !u!1001 &7047507549060132928
PrefabInstance:
  m_ObjectHideFlags: 0
  serializedVersion: 2
  m_Modification:
    m_TransformParent: {fileID: 2584510282627542601}
    m_Modifications:
    - target: {fileID: 100000, guid: 876c8577dfe27b74e9a64ea18b7e7439, type: 3}
      propertyPath: m_Name
      value: module_ext_001 (1)
      objectReference: {fileID: 0}
    - target: {fileID: 400000, guid: 876c8577dfe27b74e9a64ea18b7e7439, type: 3}
      propertyPath: m_LocalPosition.x
      value: -0.0000019073
      objectReference: {fileID: 0}
    - target: {fileID: 400000, guid: 876c8577dfe27b74e9a64ea18b7e7439, type: 3}
      propertyPath: m_LocalPosition.y
      value: -16
      objectReference: {fileID: 0}
    - target: {fileID: 400000, guid: 876c8577dfe27b74e9a64ea18b7e7439, type: 3}
      propertyPath: m_LocalPosition.z
      value: 0.0000042915
      objectReference: {fileID: 0}
    - target: {fileID: 400000, guid: 876c8577dfe27b74e9a64ea18b7e7439, type: 3}
      propertyPath: m_LocalRotation.x
      value: -0
      objectReference: {fileID: 0}
    - target: {fileID: 400000, guid: 876c8577dfe27b74e9a64ea18b7e7439, type: 3}
      propertyPath: m_LocalRotation.y
      value: -0
      objectReference: {fileID: 0}
    - target: {fileID: 400000, guid: 876c8577dfe27b74e9a64ea18b7e7439, type: 3}
      propertyPath: m_LocalRotation.z
      value: -0
      objectReference: {fileID: 0}
    - target: {fileID: 400000, guid: 876c8577dfe27b74e9a64ea18b7e7439, type: 3}
      propertyPath: m_LocalRotation.w
      value: 1
      objectReference: {fileID: 0}
    - target: {fileID: 400000, guid: 876c8577dfe27b74e9a64ea18b7e7439, type: 3}
      propertyPath: m_RootOrder
      value: 2
      objectReference: {fileID: 0}
    - target: {fileID: 400000, guid: 876c8577dfe27b74e9a64ea18b7e7439, type: 3}
      propertyPath: m_LocalEulerAnglesHint.x
      value: 0
      objectReference: {fileID: 0}
    - target: {fileID: 400000, guid: 876c8577dfe27b74e9a64ea18b7e7439, type: 3}
      propertyPath: m_LocalEulerAnglesHint.y
      value: 0
      objectReference: {fileID: 0}
    - target: {fileID: 400000, guid: 876c8577dfe27b74e9a64ea18b7e7439, type: 3}
      propertyPath: m_LocalEulerAnglesHint.z
      value: 0
      objectReference: {fileID: 0}
    - target: {fileID: 2300000, guid: 876c8577dfe27b74e9a64ea18b7e7439, type: 3}
      propertyPath: m_Materials.Array.data[0]
      value: 
      objectReference: {fileID: 2100000, guid: ff0123fbdb1afeb41ba27e15fc427613, type: 2}
    m_RemovedComponents: []
  m_SourcePrefab: {fileID: 100100000, guid: 876c8577dfe27b74e9a64ea18b7e7439, type: 3}
--- !u!4 &7047507549060000448 stripped
Transform:
  m_CorrespondingSourceObject: {fileID: 400000, guid: 876c8577dfe27b74e9a64ea18b7e7439,
    type: 3}
  m_PrefabInstance: {fileID: 7047507549060132928}
  m_PrefabAsset: {fileID: 0}
--- !u!1001 &8849137845842151734
PrefabInstance:
  m_ObjectHideFlags: 0
  serializedVersion: 2
  m_Modification:
    m_TransformParent: {fileID: 2584510282627542601}
    m_Modifications:
    - target: {fileID: 100000, guid: 876c8577dfe27b74e9a64ea18b7e7439, type: 3}
      propertyPath: m_Name
      value: module_ext_001 (2)
      objectReference: {fileID: 0}
    - target: {fileID: 400000, guid: 876c8577dfe27b74e9a64ea18b7e7439, type: 3}
      propertyPath: m_LocalPosition.x
      value: -0.0000019073
      objectReference: {fileID: 0}
    - target: {fileID: 400000, guid: 876c8577dfe27b74e9a64ea18b7e7439, type: 3}
      propertyPath: m_LocalPosition.y
      value: -24
      objectReference: {fileID: 0}
    - target: {fileID: 400000, guid: 876c8577dfe27b74e9a64ea18b7e7439, type: 3}
      propertyPath: m_LocalPosition.z
      value: 0.0000042915
      objectReference: {fileID: 0}
    - target: {fileID: 400000, guid: 876c8577dfe27b74e9a64ea18b7e7439, type: 3}
      propertyPath: m_LocalRotation.x
      value: -0
      objectReference: {fileID: 0}
    - target: {fileID: 400000, guid: 876c8577dfe27b74e9a64ea18b7e7439, type: 3}
      propertyPath: m_LocalRotation.y
      value: -0
      objectReference: {fileID: 0}
    - target: {fileID: 400000, guid: 876c8577dfe27b74e9a64ea18b7e7439, type: 3}
      propertyPath: m_LocalRotation.z
      value: -0
      objectReference: {fileID: 0}
    - target: {fileID: 400000, guid: 876c8577dfe27b74e9a64ea18b7e7439, type: 3}
      propertyPath: m_LocalRotation.w
      value: 1
      objectReference: {fileID: 0}
    - target: {fileID: 400000, guid: 876c8577dfe27b74e9a64ea18b7e7439, type: 3}
      propertyPath: m_RootOrder
      value: 3
      objectReference: {fileID: 0}
    - target: {fileID: 400000, guid: 876c8577dfe27b74e9a64ea18b7e7439, type: 3}
      propertyPath: m_LocalEulerAnglesHint.x
      value: 0
      objectReference: {fileID: 0}
    - target: {fileID: 400000, guid: 876c8577dfe27b74e9a64ea18b7e7439, type: 3}
      propertyPath: m_LocalEulerAnglesHint.y
      value: 0
      objectReference: {fileID: 0}
    - target: {fileID: 400000, guid: 876c8577dfe27b74e9a64ea18b7e7439, type: 3}
      propertyPath: m_LocalEulerAnglesHint.z
      value: 0
      objectReference: {fileID: 0}
    - target: {fileID: 2300000, guid: 876c8577dfe27b74e9a64ea18b7e7439, type: 3}
      propertyPath: m_Materials.Array.data[0]
      value: 
      objectReference: {fileID: 2100000, guid: ff0123fbdb1afeb41ba27e15fc427613, type: 2}
    m_RemovedComponents: []
  m_SourcePrefab: {fileID: 100100000, guid: 876c8577dfe27b74e9a64ea18b7e7439, type: 3}
--- !u!4 &8849137845842285494 stripped
Transform:
  m_CorrespondingSourceObject: {fileID: 400000, guid: 876c8577dfe27b74e9a64ea18b7e7439,
    type: 3}
  m_PrefabInstance: {fileID: 8849137845842151734}
  m_PrefabAsset: {fileID: 0}
