%YAML 1.1
%TAG !u! tag:unity3d.com,2011:
--- !u!1 &1703718815009744924
GameObject:
  m_ObjectHideFlags: 0
  m_CorrespondingSourceObject: {fileID: 0}
  m_PrefabInstance: {fileID: 0}
  m_PrefabAsset: {fileID: 0}
  serializedVersion: 6
  m_Component:
  - component: {fileID: 7197640415827927418}
  - component: {fileID: 9180366532605472640}
  - component: {fileID: 4139403577024420666}
  - component: {fileID: 7535008867257704793}
  m_Layer: 13
  m_Name: KillFloor
  m_TagString: Untagged
  m_Icon: {fileID: 0}
  m_NavMeshLayer: 0
  m_StaticEditorFlags: 0
  m_IsActive: 1
--- !u!4 &7197640415827927418
Transform:
  m_ObjectHideFlags: 0
  m_CorrespondingSourceObject: {fileID: 0}
  m_PrefabInstance: {fileID: 0}
  m_PrefabAsset: {fileID: 0}
  m_GameObject: {fileID: 1703718815009744924}
  m_LocalRotation: {x: -0, y: -0, z: -0, w: 1}
  m_LocalPosition: {x: 0, y: -3.75, z: 0}
  m_LocalScale: {x: 14, y: 0.5, z: 14}
  m_Children: []
  m_Father: {fileID: 2584510282627542601}
  m_RootOrder: 1
  m_LocalEulerAnglesHint: {x: 0, y: 0, z: 0}
--- !u!33 &9180366532605472640
MeshFilter:
  m_ObjectHideFlags: 0
  m_CorrespondingSourceObject: {fileID: 0}
  m_PrefabInstance: {fileID: 0}
  m_PrefabAsset: {fileID: 0}
  m_GameObject: {fileID: 1703718815009744924}
  m_Mesh: {fileID: 10202, guid: 0000000000000000e000000000000000, type: 0}
--- !u!23 &4139403577024420666
MeshRenderer:
  m_ObjectHideFlags: 0
  m_CorrespondingSourceObject: {fileID: 0}
  m_PrefabInstance: {fileID: 0}
  m_PrefabAsset: {fileID: 0}
  m_GameObject: {fileID: 1703718815009744924}
  m_Enabled: 1
  m_CastShadows: 1
  m_ReceiveShadows: 1
  m_DynamicOccludee: 1
  m_MotionVectors: 1
  m_LightProbeUsage: 1
  m_ReflectionProbeUsage: 1
  m_RenderingLayerMask: 1
  m_RendererPriority: 0
  m_Materials:
  - {fileID: 2100000, guid: f48e53f8b439f8943abc9938640c2e7b, type: 2}
  m_StaticBatchInfo:
    firstSubMesh: 0
    subMeshCount: 0
  m_StaticBatchRoot: {fileID: 0}
  m_ProbeAnchor: {fileID: 0}
  m_LightProbeVolumeOverride: {fileID: 0}
  m_ScaleInLightmap: 1
  m_PreserveUVs: 0
  m_IgnoreNormalsForChartDetection: 0
  m_ImportantGI: 0
  m_StitchLightmapSeams: 0
  m_SelectedEditorRenderState: 3
  m_MinimumChartSize: 4
  m_AutoUVMaxDistance: 0.5
  m_AutoUVMaxAngle: 89
  m_LightmapParameters: {fileID: 0}
  m_SortingLayerID: 0
  m_SortingLayer: 0
  m_SortingOrder: 0
--- !u!65 &7535008867257704793
BoxCollider:
  m_ObjectHideFlags: 0
  m_CorrespondingSourceObject: {fileID: 0}
  m_PrefabInstance: {fileID: 0}
  m_PrefabAsset: {fileID: 0}
  m_GameObject: {fileID: 1703718815009744924}
  m_Material: {fileID: 0}
  m_IsTrigger: 1
  m_Enabled: 1
  serializedVersion: 2
  m_Size: {x: 1, y: 1, z: 1}
  m_Center: {x: 0, y: 0, z: 0}
--- !u!65 &500025341919597115
BoxCollider:
  m_ObjectHideFlags: 0
  m_CorrespondingSourceObject: {fileID: 0}
  m_PrefabInstance: {fileID: 0}
  m_PrefabAsset: {fileID: 0}
  m_GameObject: {fileID: 2543562467862838985}
  m_Material: {fileID: 13400000, guid: 2cfb0ec0f505f554ab8c97ae39f4e05c, type: 2}
  m_IsTrigger: 1
  m_Enabled: 1
  serializedVersion: 2
  m_Size: {x: 593.4, y: 783.6512, z: 1357}
  m_Center: {x: 190.04047, y: -8.1743, z: 0}
--- !u!65 &1132797968400610788
BoxCollider:
  m_ObjectHideFlags: 0
  m_CorrespondingSourceObject: {fileID: 0}
  m_PrefabInstance: {fileID: 0}
  m_PrefabAsset: {fileID: 0}
  m_GameObject: {fileID: 2543562467862838985}
  m_Material: {fileID: 13400000, guid: 2cfb0ec0f505f554ab8c97ae39f4e05c, type: 2}
  m_IsTrigger: 0
  m_Enabled: 1
  serializedVersion: 2
  m_Size: {x: 406.4705, y: 782.4141, z: 628.2637}
  m_Center: {x: -296.7647, y: -8.792806, z: 2.8772593}
--- !u!65 &5172361318031047816
BoxCollider:
  m_ObjectHideFlags: 0
  m_CorrespondingSourceObject: {fileID: 0}
  m_PrefabInstance: {fileID: 0}
  m_PrefabAsset: {fileID: 0}
  m_GameObject: {fileID: 2543562467862838985}
  m_Material: {fileID: 13400000, guid: 2cfb0ec0f505f554ab8c97ae39f4e05c, type: 2}
  m_IsTrigger: 0
  m_Enabled: 1
  serializedVersion: 2
  m_Size: {x: 619.9183, y: 783.6512, z: 1400}
  m_Center: {x: 190.04047, y: -8.1743, z: 0}
--- !u!64 &5315169085377183416
MeshCollider:
  m_ObjectHideFlags: 0
  m_CorrespondingSourceObject: {fileID: 0}
  m_PrefabInstance: {fileID: 0}
  m_PrefabAsset: {fileID: 0}
  m_GameObject: {fileID: 2543562467862838985}
  m_Material: {fileID: 13400000, guid: 5a50ea9ee0c12db41abc3242c72611d0, type: 2}
  m_IsTrigger: 0
  m_Enabled: 1
  serializedVersion: 3
  m_Convex: 0
  m_CookingOptions: 14
  m_Mesh: {fileID: 4300000, guid: 9eac2c6cc27e93441913154a4c216b6b, type: 3}
--- !u!65 &8808514486880237930
BoxCollider:
  m_ObjectHideFlags: 0
  m_CorrespondingSourceObject: {fileID: 0}
  m_PrefabInstance: {fileID: 0}
  m_PrefabAsset: {fileID: 0}
  m_GameObject: {fileID: 2543562467862838985}
  m_Material: {fileID: 13400000, guid: 2cfb0ec0f505f554ab8c97ae39f4e05c, type: 2}
  m_IsTrigger: 1
  m_Enabled: 1
  serializedVersion: 2
  m_Size: {x: 366, y: 782.4141, z: 595.2}
  m_Center: {x: -296.7647, y: -8.792806, z: 2.8772593}
--- !u!1 &9136882867548347529
GameObject:
  m_ObjectHideFlags: 0
  m_CorrespondingSourceObject: {fileID: 0}
  m_PrefabInstance: {fileID: 0}
  m_PrefabAsset: {fileID: 0}
  serializedVersion: 6
  m_Component:
  - component: {fileID: 2584510282627542601}
  m_Layer: 0
  m_Name: StumpPieceMaster
  m_TagString: Untagged
  m_Icon: {fileID: 0}
  m_NavMeshLayer: 0
  m_StaticEditorFlags: 0
  m_IsActive: 1
--- !u!4 &2584510282627542601
Transform:
  m_ObjectHideFlags: 0
  m_CorrespondingSourceObject: {fileID: 0}
  m_PrefabInstance: {fileID: 0}
  m_PrefabAsset: {fileID: 0}
  m_GameObject: {fileID: 9136882867548347529}
  m_LocalRotation: {x: 0, y: 0, z: 0, w: 1}
  m_LocalPosition: {x: 0, y: 0, z: 0}
  m_LocalScale: {x: 1, y: 1, z: 1}
  m_Children:
  - {fileID: 2543562467862995689}
  - {fileID: 7197640415827927418}
  - {fileID: 3764408748382572916}
  - {fileID: 3491896523438744141}
  - {fileID: 5718023162434538385}
  m_Father: {fileID: 0}
  m_RootOrder: 0
  m_LocalEulerAnglesHint: {x: 0, y: 0, z: 0}
--- !u!1001 &2543562467862870121
PrefabInstance:
  m_ObjectHideFlags: 0
  serializedVersion: 2
  m_Modification:
    m_TransformParent: {fileID: 2584510282627542601}
    m_Modifications:
    - target: {fileID: 100000, guid: 9eac2c6cc27e93441913154a4c216b6b, type: 3}
      propertyPath: m_Name
      value: module_007
      objectReference: {fileID: 0}
    - target: {fileID: 100000, guid: 9eac2c6cc27e93441913154a4c216b6b, type: 3}
      propertyPath: m_Layer
      value: 14
      objectReference: {fileID: 0}
    - target: {fileID: 400000, guid: 9eac2c6cc27e93441913154a4c216b6b, type: 3}
      propertyPath: m_LocalPosition.x
      value: 2
      objectReference: {fileID: 0}
    - target: {fileID: 400000, guid: 9eac2c6cc27e93441913154a4c216b6b, type: 3}
      propertyPath: m_LocalPosition.y
      value: 0
      objectReference: {fileID: 0}
    - target: {fileID: 400000, guid: 9eac2c6cc27e93441913154a4c216b6b, type: 3}
      propertyPath: m_LocalPosition.z
      value: 0
      objectReference: {fileID: 0}
    - target: {fileID: 400000, guid: 9eac2c6cc27e93441913154a4c216b6b, type: 3}
      propertyPath: m_LocalRotation.x
      value: 0
      objectReference: {fileID: 0}
    - target: {fileID: 400000, guid: 9eac2c6cc27e93441913154a4c216b6b, type: 3}
      propertyPath: m_LocalRotation.y
      value: -0
      objectReference: {fileID: 0}
    - target: {fileID: 400000, guid: 9eac2c6cc27e93441913154a4c216b6b, type: 3}
      propertyPath: m_LocalRotation.z
      value: -0
      objectReference: {fileID: 0}
    - target: {fileID: 400000, guid: 9eac2c6cc27e93441913154a4c216b6b, type: 3}
      propertyPath: m_LocalRotation.w
      value: 1
      objectReference: {fileID: 0}
    - target: {fileID: 400000, guid: 9eac2c6cc27e93441913154a4c216b6b, type: 3}
      propertyPath: m_RootOrder
      value: 0
      objectReference: {fileID: 0}
    - target: {fileID: 400000, guid: 9eac2c6cc27e93441913154a4c216b6b, type: 3}
      propertyPath: m_LocalEulerAnglesHint.x
      value: 0
      objectReference: {fileID: 0}
    - target: {fileID: 400000, guid: 9eac2c6cc27e93441913154a4c216b6b, type: 3}
      propertyPath: m_LocalEulerAnglesHint.y
      value: 0
      objectReference: {fileID: 0}
    - target: {fileID: 400000, guid: 9eac2c6cc27e93441913154a4c216b6b, type: 3}
      propertyPath: m_LocalEulerAnglesHint.z
      value: 0
      objectReference: {fileID: 0}
    - target: {fileID: 2300000, guid: 9eac2c6cc27e93441913154a4c216b6b, type: 3}
      propertyPath: m_Materials.Array.data[3]
      value: 
      objectReference: {fileID: 2100000, guid: 053b2d12794046444b29ef2788b85c2f, type: 2}
    - target: {fileID: 2300000, guid: 9eac2c6cc27e93441913154a4c216b6b, type: 3}
      propertyPath: m_Materials.Array.data[2]
      value: 
      objectReference: {fileID: 2100000, guid: 2fad42ce1bd0d504c9b190424a5a631b, type: 2}
    - target: {fileID: 2300000, guid: 9eac2c6cc27e93441913154a4c216b6b, type: 3}
      propertyPath: m_Materials.Array.data[1]
      value: 
      objectReference: {fileID: 2100000, guid: ff0123fbdb1afeb41ba27e15fc427613, type: 2}
    - target: {fileID: 2300000, guid: 9eac2c6cc27e93441913154a4c216b6b, type: 3}
      propertyPath: m_Materials.Array.data[0]
      value: 
      objectReference: {fileID: 2100000, guid: 4f96bd97259c51946a928ec7fba041e1, type: 2}
    m_RemovedComponents: []
  m_SourcePrefab: {fileID: 100100000, guid: 9eac2c6cc27e93441913154a4c216b6b, type: 3}
--- !u!1 &2543562467862838985 stripped
GameObject:
  m_CorrespondingSourceObject: {fileID: 100000, guid: 9eac2c6cc27e93441913154a4c216b6b,
    type: 3}
  m_PrefabInstance: {fileID: 2543562467862870121}
  m_PrefabAsset: {fileID: 0}
--- !u!4 &2543562467862995689 stripped
Transform:
  m_CorrespondingSourceObject: {fileID: 400000, guid: 9eac2c6cc27e93441913154a4c216b6b,
    type: 3}
  m_PrefabInstance: {fileID: 2543562467862870121}
  m_PrefabAsset: {fileID: 0}
--- !u!1001 &3491896523438618829
PrefabInstance:
  m_ObjectHideFlags: 0
  serializedVersion: 2
  m_Modification:
    m_TransformParent: {fileID: 2584510282627542601}
    m_Modifications:
    - target: {fileID: 100000, guid: 7dbc9c034e76c19488a2c5fc3511df90, type: 3}
      propertyPath: m_Name
      value: module_ext_007 (1)
      objectReference: {fileID: 0}
    - target: {fileID: 400000, guid: 7dbc9c034e76c19488a2c5fc3511df90, type: 3}
      propertyPath: m_LocalPosition.x
      value: 2
      objectReference: {fileID: 0}
    - target: {fileID: 400000, guid: 7dbc9c034e76c19488a2c5fc3511df90, type: 3}
      propertyPath: m_LocalPosition.y
      value: -16
      objectReference: {fileID: 0}
    - target: {fileID: 400000, guid: 7dbc9c034e76c19488a2c5fc3511df90, type: 3}
      propertyPath: m_LocalPosition.z
      value: -0.0000047684
      objectReference: {fileID: 0}
    - target: {fileID: 400000, guid: 7dbc9c034e76c19488a2c5fc3511df90, type: 3}
      propertyPath: m_LocalRotation.x
      value: -0
      objectReference: {fileID: 0}
    - target: {fileID: 400000, guid: 7dbc9c034e76c19488a2c5fc3511df90, type: 3}
      propertyPath: m_LocalRotation.y
      value: -0
      objectReference: {fileID: 0}
    - target: {fileID: 400000, guid: 7dbc9c034e76c19488a2c5fc3511df90, type: 3}
      propertyPath: m_LocalRotation.z
      value: -0
      objectReference: {fileID: 0}
    - target: {fileID: 400000, guid: 7dbc9c034e76c19488a2c5fc3511df90, type: 3}
      propertyPath: m_LocalRotation.w
      value: 1
      objectReference: {fileID: 0}
    - target: {fileID: 400000, guid: 7dbc9c034e76c19488a2c5fc3511df90, type: 3}
      propertyPath: m_RootOrder
      value: 3
      objectReference: {fileID: 0}
    - target: {fileID: 400000, guid: 7dbc9c034e76c19488a2c5fc3511df90, type: 3}
      propertyPath: m_LocalEulerAnglesHint.x
      value: 0
      objectReference: {fileID: 0}
    - target: {fileID: 400000, guid: 7dbc9c034e76c19488a2c5fc3511df90, type: 3}
      propertyPath: m_LocalEulerAnglesHint.y
      value: 0
      objectReference: {fileID: 0}
    - target: {fileID: 400000, guid: 7dbc9c034e76c19488a2c5fc3511df90, type: 3}
      propertyPath: m_LocalEulerAnglesHint.z
      value: 0
      objectReference: {fileID: 0}
    - target: {fileID: 2300000, guid: 7dbc9c034e76c19488a2c5fc3511df90, type: 3}
      propertyPath: m_Materials.Array.data[0]
      value: 
      objectReference: {fileID: 2100000, guid: ff0123fbdb1afeb41ba27e15fc427613, type: 2}
    m_RemovedComponents: []
  m_SourcePrefab: {fileID: 100100000, guid: 7dbc9c034e76c19488a2c5fc3511df90, type: 3}
--- !u!4 &3491896523438744141 stripped
Transform:
  m_CorrespondingSourceObject: {fileID: 400000, guid: 7dbc9c034e76c19488a2c5fc3511df90,
    type: 3}
  m_PrefabInstance: {fileID: 3491896523438618829}
  m_PrefabAsset: {fileID: 0}
--- !u!1001 &3764408748382178292
PrefabInstance:
  m_ObjectHideFlags: 0
  serializedVersion: 2
  m_Modification:
    m_TransformParent: {fileID: 2584510282627542601}
    m_Modifications:
    - target: {fileID: 100000, guid: 7dbc9c034e76c19488a2c5fc3511df90, type: 3}
      propertyPath: m_Name
      value: module_ext_007
      objectReference: {fileID: 0}
    - target: {fileID: 400000, guid: 7dbc9c034e76c19488a2c5fc3511df90, type: 3}
      propertyPath: m_LocalPosition.x
      value: 2
      objectReference: {fileID: 0}
    - target: {fileID: 400000, guid: 7dbc9c034e76c19488a2c5fc3511df90, type: 3}
      propertyPath: m_LocalPosition.y
      value: -8
      objectReference: {fileID: 0}
    - target: {fileID: 400000, guid: 7dbc9c034e76c19488a2c5fc3511df90, type: 3}
      propertyPath: m_LocalPosition.z
      value: -0.0000047684
      objectReference: {fileID: 0}
    - target: {fileID: 400000, guid: 7dbc9c034e76c19488a2c5fc3511df90, type: 3}
      propertyPath: m_LocalRotation.x
      value: -0
      objectReference: {fileID: 0}
    - target: {fileID: 400000, guid: 7dbc9c034e76c19488a2c5fc3511df90, type: 3}
      propertyPath: m_LocalRotation.y
      value: -0
      objectReference: {fileID: 0}
    - target: {fileID: 400000, guid: 7dbc9c034e76c19488a2c5fc3511df90, type: 3}
      propertyPath: m_LocalRotation.z
      value: -0
      objectReference: {fileID: 0}
    - target: {fileID: 400000, guid: 7dbc9c034e76c19488a2c5fc3511df90, type: 3}
      propertyPath: m_LocalRotation.w
      value: 1
      objectReference: {fileID: 0}
    - target: {fileID: 400000, guid: 7dbc9c034e76c19488a2c5fc3511df90, type: 3}
      propertyPath: m_RootOrder
      value: 2
      objectReference: {fileID: 0}
    - target: {fileID: 400000, guid: 7dbc9c034e76c19488a2c5fc3511df90, type: 3}
      propertyPath: m_LocalEulerAnglesHint.x
      value: 0
      objectReference: {fileID: 0}
    - target: {fileID: 400000, guid: 7dbc9c034e76c19488a2c5fc3511df90, type: 3}
      propertyPath: m_LocalEulerAnglesHint.y
      value: 0
      objectReference: {fileID: 0}
    - target: {fileID: 400000, guid: 7dbc9c034e76c19488a2c5fc3511df90, type: 3}
      propertyPath: m_LocalEulerAnglesHint.z
      value: 0
      objectReference: {fileID: 0}
    - target: {fileID: 2300000, guid: 7dbc9c034e76c19488a2c5fc3511df90, type: 3}
      propertyPath: m_Materials.Array.data[0]
      value: 
      objectReference: {fileID: 2100000, guid: ff0123fbdb1afeb41ba27e15fc427613, type: 2}
    m_RemovedComponents: []
  m_SourcePrefab: {fileID: 100100000, guid: 7dbc9c034e76c19488a2c5fc3511df90, type: 3}
--- !u!4 &3764408748382572916 stripped
Transform:
  m_CorrespondingSourceObject: {fileID: 400000, guid: 7dbc9c034e76c19488a2c5fc3511df90,
    type: 3}
  m_PrefabInstance: {fileID: 3764408748382178292}
  m_PrefabAsset: {fileID: 0}
--- !u!1001 &5718023162434408721
PrefabInstance:
  m_ObjectHideFlags: 0
  serializedVersion: 2
  m_Modification:
    m_TransformParent: {fileID: 2584510282627542601}
    m_Modifications:
    - target: {fileID: 100000, guid: 7dbc9c034e76c19488a2c5fc3511df90, type: 3}
      propertyPath: m_Name
      value: module_ext_007 (2)
      objectReference: {fileID: 0}
    - target: {fileID: 400000, guid: 7dbc9c034e76c19488a2c5fc3511df90, type: 3}
      propertyPath: m_LocalPosition.x
      value: 2
      objectReference: {fileID: 0}
    - target: {fileID: 400000, guid: 7dbc9c034e76c19488a2c5fc3511df90, type: 3}
      propertyPath: m_LocalPosition.y
      value: -24
      objectReference: {fileID: 0}
    - target: {fileID: 400000, guid: 7dbc9c034e76c19488a2c5fc3511df90, type: 3}
      propertyPath: m_LocalPosition.z
      value: -0.0000047684
      objectReference: {fileID: 0}
    - target: {fileID: 400000, guid: 7dbc9c034e76c19488a2c5fc3511df90, type: 3}
      propertyPath: m_LocalRotation.x
      value: -0
      objectReference: {fileID: 0}
    - target: {fileID: 400000, guid: 7dbc9c034e76c19488a2c5fc3511df90, type: 3}
      propertyPath: m_LocalRotation.y
      value: -0
      objectReference: {fileID: 0}
    - target: {fileID: 400000, guid: 7dbc9c034e76c19488a2c5fc3511df90, type: 3}
      propertyPath: m_LocalRotation.z
      value: -0
      objectReference: {fileID: 0}
    - target: {fileID: 400000, guid: 7dbc9c034e76c19488a2c5fc3511df90, type: 3}
      propertyPath: m_LocalRotation.w
      value: 1
      objectReference: {fileID: 0}
    - target: {fileID: 400000, guid: 7dbc9c034e76c19488a2c5fc3511df90, type: 3}
      propertyPath: m_RootOrder
      value: 4
      objectReference: {fileID: 0}
    - target: {fileID: 400000, guid: 7dbc9c034e76c19488a2c5fc3511df90, type: 3}
      propertyPath: m_LocalEulerAnglesHint.x
      value: 0
      objectReference: {fileID: 0}
    - target: {fileID: 400000, guid: 7dbc9c034e76c19488a2c5fc3511df90, type: 3}
      propertyPath: m_LocalEulerAnglesHint.y
      value: 0
      objectReference: {fileID: 0}
    - target: {fileID: 400000, guid: 7dbc9c034e76c19488a2c5fc3511df90, type: 3}
      propertyPath: m_LocalEulerAnglesHint.z
      value: 0
      objectReference: {fileID: 0}
    - target: {fileID: 2300000, guid: 7dbc9c034e76c19488a2c5fc3511df90, type: 3}
      propertyPath: m_Materials.Array.data[0]
      value: 
      objectReference: {fileID: 2100000, guid: ff0123fbdb1afeb41ba27e15fc427613, type: 2}
    m_RemovedComponents: []
  m_SourcePrefab: {fileID: 100100000, guid: 7dbc9c034e76c19488a2c5fc3511df90, type: 3}
--- !u!4 &5718023162434538385 stripped
Transform:
  m_CorrespondingSourceObject: {fileID: 400000, guid: 7dbc9c034e76c19488a2c5fc3511df90,
    type: 3}
  m_PrefabInstance: {fileID: 5718023162434408721}
  m_PrefabAsset: {fileID: 0}
